4559 5919
2058 438 2099 479 l
2226 378 2251 389 “
2349 382 2468 437 ’κ
3041 436 3048 441 .

903 556 988 651 Ε
1057 519 1501 663 ΝνΜις
1572 546 1790 647 ILL
1800 536 2474 657 VSTRATAE
2541 553 2780 652 Lm.
2857 555 3062 648 111..
3141 594 3180 649 ι
3207 571 3327 672 εμ,

730 773 1458 870 RAPPHstN.
1531 770 1958 858 ΦΙΛΩΡ.
2046 773 2174 855 Μ.
2258 773 2376 859 Α.
2461 769 2890 889 Αυςηλίων
2913 768 3344 891 Καξξηνῶν

769 909 1388 1018 Φιλωρωμαιων
1420 901 2052 1018 μῃτςοπᾶλεως
2086 897 2459 1011 πᾶώτης.
2591 904 2975 988 loannes
3011 904 3340 989 Valens

768 1039 889 1127 A.
1008 1058 1232 1125 101.
1316 1025 1455 1118 διὰ
1499 1021 2124 1144 παεσςάματος
2163 1083 2188 1134 ,
2307 1032 2597 1141 itaque
2653 1052 2951 1115 cetera
2989 1057 3337 1142 quoque

775 1183 995 1271 quae
1050 1158 1312 1243 habet
1364 1210 1392 1260 ,
1498 1161 1796 1244 luxata
1853 1156 2132 1265 pulcri
2188 1161 2605 1266 corporis
2660 1161 3058 1242 membra
3112 1159 3331 1244 sunt.

771 1290 992 1381 Non
1033 1288 1335 1396 potuit
1374 1283 1520 1373 illa
1563 1283 1908 1395 epocha
1949 1283 2490 1372 Carth-arum
2531 1287 2633 1369 ab
2670 1282 2847 1370 alio
2891 1311 3126 1375 anno
3164 1291 3335 1372 ini-

768 1420 996 1507 tium
1031 1437 1349 1523 capere
1383 1469 1411 1519 ,
1541 1437 1798 1522 quam
1837 1436 1882 1495 a
1937 1414 2042 1500 C.
2182 1411 2632 1498 Memmio
2670 1413 3021 1521 Regulo
3063 1416 3092 1518 3
3231 1417 3332 1504 L.

772 1544 1212 1651 Verginio
1248 1538 1482 1628 Rufo
1528 1540 1776 1627 Coss.
1857 1537 1998 1622 seu
2034 1540 2148 1625 A.
2241 1541 2348 1628 C.
2437 1549 2600 1645 63.
2687 1543 2984 1650 quibus
3021 1543 3334 1626 consu·
3491 1552 3500 1561 ’

768 1669 985 1759 libus
1007 1725 1032 1776 ‚
1061 1689 1197 1758 aut
1217 1669 1519 1779 potius
1537 1667 1815 1774 ,cuius
1845 1670 2050 1752 anni
2072 1670 2318 1753 exitu
2344 1668 2745 1757 Corbulo
2785 1674 2875 1753 in
2899 1669 3152 1757 Meso
3159 1698 3333 1780 po-

773 1802 1048 1889 tamia
1082 1822 1219 1885 res
1251 1820 1612 1905 magnas
1652 1793 1895 1905 geffit
1934 1850 1960 1900 ,
2040 1821 2243 1905 quas
2281 1797 2754 1885 Cornelius
2785 1803 3143 1883 Tacitus
3183 1801 3334 1884 de·

767 1928 1089 2017 scribit.
1222 1929 1393 2032 (4)
1462 1919 1660 2011 Non
1692 1918 2118 2037 infensum,
2196 1920 2477 2010 nedum
2509 1922 2775 2039 hostili
2808 1927 2980 2012 odio
3013 1923 3333 2013 Corbu-

722 2058 729 2073 “
772 2054 974 2141 lonis
1020 2076 1293 2142 nomen
1330 2054 1578 2138 etiam
1629 2049 2020 2138 barbaris
2051 2051 2518 2139 habebatur
2558 2108 2587 2161 ‚
2683 2074 2780 2139 vt
2822 2058 3045 2140 istait
3089 2112 3115 2161 ,
3210 2058 3337 2148 ita

776 2188 1019 2269 enim
1055 2201 1500 2271 meruerat
1536 2184 1675 2266 vir
1726 2181 2059 2267 summa
2134 2182 2692 2266 continentia
2730 2204 2819 2267 et
2863 2188 3334 2296 aequitate.

775 2314 870 2404 Si
903 2312 1005 2398 ab
1042 2335 1154 2394 eo
1190 2334 1429 2394 anno
1471 2308 2137 2398 Carrhenorum
2178 2308 2623 2418 epocham
2667 2336 3076 2398 numeres
3135 2367 3160 2417 ,
3240 2329 3336 2399 et

769 2441 1126 2553 quidem
1168 2438 1270 2521 ab
1312 2435 1873 2555 Septembri,
1911 2457 2011 2522 vt
2053 2463 2369 2521 eorum
2409 2442 2957 2548 populorum
2992 2441 3333 2545 institu-

774 2589 967 2655 tum
1008 2566 1496 2679 postulabat
1545 2620 1573 2669 ‚
1681 2590 1986 2649 numus
2028 2566 2177 2653 ille
2229 2567 2464 2652 cusus
2501 2565 2620 2651 est
2673 2571 2785 2654 A.
2908 2569 3014 2657 C.
3140 2590 3325 2678 173

776 2715 1159 2783 exeunte
1202 2714 1345 2777 aut
1384 2697 1498 2780 A.
1558 2692 1663 2781 C.
1717 2717 1937 2802 174.
2014 2694 2279 2813 Quod
2316 2714 2610 2778 autern
2652 2694 2884 2780 aliud
2919 2695 3067 2782 illa
3102 2723 3331 2807 epo·

775 2824 938 2910 cha
973 2820 1355 2939 postulat
1429 2874 1456 2926 ‚
1609 2846 1865 2929 quam
1900 2842 2001 2906 vt
2057 2822 2652 2935 existimemus
2683 2848 3008 2934 magna
3052 2825 3333 2935 aliqua

773 2956 1205 3064 dignitate
1249 2947 1619 3038 adscitas
1655 2947 1890 3036 fuifl‘e
1928 2950 2306 3062 Carrhas
2340 2978 2386 3034 a
2422 2950 2826 3039 Nerone.
2893 2953 3122 3070 Quid
3161 2954 3327 3063 igi·

766 3103 915 3172 tur
951 3074 989 3163 ζ
1066 3084 1449 3166 dicemus
1488 3077 1942 3178 coloniam
1997 3104 2044 3164 a
2082 3079 2604 3168 Corbulone
2660 3080 2831 3166 efl‘e
2870 3081 3328 3172 deductam

768 3214 865 3301 in
904 3209 1146 3296 illam
1180 3208 1489 3294 vrbem
1532 3200 1568 3287 ἰ
1639 3232 1967 3316 nempe
2004 3232 2190 3292 non
2235 3209 2383 3293 ista
2423 3227 2628 3292 tunc
2664 3228 2916 3296 erant
2958 3229 3327 3322 tempo·

768 3366 903 3446 ta,
978 3357 1078 3423 vt
1113 3337 1293 3422 hoc
1332 3334 1585 3420 nobis
1620 3337 1709 3418 in
1752 3352 2153 3421 mentem
2186 3336 2495 3422 venire
2534 3340 3037 3424 conueniat.
3182 3343 3330 3424 An

764 3469 951 3570 iam
996 3485 1190 3550 tum
1251 3463 1883 3574 metropoleos
1951 3466 2295 3573 primae
2334 3462 2692 3549 honore
2746 3467 3102 3575 dignata
3151 3458 3330 3550 est?

770 3597 1127 3705 ijnor
1176 3592 1609 3701 equidem.
1640 3645 1667 3695 ,
1809 3616 1968 3674 nec
1999 3592 2196 3674 satis
2252 3612 2556 3676 tamen
2598 3592 2823 3675 mihi
2875 3594 3056 3704 ipse
3111 3591 3329 3679 fido.

774 3723 944 3811 Sub
986 3723 1112 3809 M.
1206 3719 1580 3807 Aurelio
1615 3718 2001 3830 primum
2038 3719 2309 3802 exstat
2366 3743 2670 3804 numus
2703 3720 2799 3805 L.
2852 3763 2860 3771 ·
2910 3722 3256 3809 Aurelii
3292 3775 3324 3825 ‚

771 3855 865 3940 in
931 3876 1109 3964 quo
1201 3846 1566 3933 colonia
1658 3847 2063 3931 dicuntur
2147 3845 2564 3934 Carrhae.
2733 3849 2885 3932 An
2955 3850 3053 3935 L.
3146 3850 3327 3933 Ve-

770 4004 914 4065 tus
952 4003 1146 4064 eam
1205 3977 1566 4064 deduxit
1620 3974 2033 4062 confec'to
2072 3973 2313 4060 bello
2369 3967 2861 4060 Parthico?
2934 3975 3330 4067 Carrhae

770 4109 1077 4216 vtique
1113 4104 1421 4188 cauiss'e
1456 4103 1604 4187 fibi
1636 4107 2048 4190 videntur
2089 4156 2116 4206 ,
2212 4129 2324 4189 ne
2368 4160 2394 4210 ‚
2479 4102 2536 4185 s1
2575 4130 2737 4213 qua
2774 4103 2939 4188 alia
2975 4124 3326 4191 metro·

766 4235 1052 4351 polis»,
1131 4249 1230 4315 vt
1264 4251 1686 4318 mos-erat
1722 4232 2202 4336 Romani5‚
2281 4236 2373 4318 in
2410 4230 3070 4343 Mesopotamia
3104 4260 3325 4344 pro·

1933 4361 2084 4444 Aa
2142 4386 2194 4443 2
3051 4365 3333 4449 “fiin-

929 4655 1039 4739 (4)
1086 4660 1157 4726 L.
1200 4662 1333 4726 XV.
1379 4661 1485 4726 26.
1526 4659 1645 4743 seq.
