4559 5919
1332 482 1447 632 2'3
1474 548 1523 603 2
1895 413 2592 607 fflsmmffl.
2657 486 3476 633 QSRHOENAE-
3547 536 3568 563 τ

1332 733 1750 843 cynegio
1807 728 2162 819 testatus
2227 728 2408 815 est
2385 773 2447 834 ‚
2525 749 2786 840 quam
2849 716 3314 825 ἀπέκλεισε
3350 718 3509 831 τοὶς
3575 720 3922 838 iio-6839

1332 886 1496 948 των
1532 858 1803 972 ἱερῶν,
1841 855 2160 959 θυσίας
2197 849 2284 943 δ’
2327 833 2537 971 εἶρξε.
2636 859 2853 947 Non
2907 859 3272 969 impune
3343 858 3670 947 tuliss‘et
3726 865 3920 970 Cy-

1230 988 1237 997 ’
1329 994 1637 1100 negius
1690 989 1913 1099 apud
1945 986 2450 1091 Zosimum,
2529 987 2647 1075 fi
2625 1012 2712 1071 m
2769 987 3272 1100 prouinciis
3296 1008 3659 1097 praeter
3730 991 3918 1074 edi-

1328 1122 1563 1209 etum
1600 1117 1921 1229 aliquid
1959 1117 2299 1231 grauius
2339 1113 2752 1201 statuisset
2798 1119 2908 1202 de
2949 1120 3340 1229 templis,
3385 1117 3702 1227 Neque
3729 1142 3922 1229 ego

1333 1248 1481 1332 hic
1515 1246 1943 1350 Idatianis
2015 1246 2272 1332 Fastis
2313 1244 2504 1353 plus
2546 1246 3002 1333 tribuerim
3055 1301 3083 1352 ‚
3197 1268 3455 1356 quam
3490 1238 3911 1352 Zofim0‚

1337 1379 1430 1461 'm
1469 1377 1765 1486 quibus
1802 1372 1920 1457 est
1976 1406 1994 1459 ι
2053 1373 2421 1484 gentium
2476 1371 2932 1486 simulacra
2963 1364 3409 1486 subuertit.
3547 1375 3674 1461 *Et
3714 1400 3924 1461 cum·

1333 1504 1408 1594 C
1424 1507 1783 1612 ynegius
1831 1500 1992 1607 τῆς
2026 1500 2295 1603 οἱυλῆς
2323 1490 2754 1619 ὕπαρχος
2796 1558 2820 1607 ,
2915 1495 3398 1614 Praefectus,
3422 1500 3658 1587 aulae
3691 1502 3922 1614 apud

1332 1630 1946 1716 Theodosium
1991 1629 2206 1735 fuit,
2282 1627 2527 1716 locus
2567 1630 3031 1741 suspicioni
3067 1630 3590 1740 relinquitur
3645 1664 3688 1738 ,·
3768 1657 3921 1716 eu-

1339 1761 1723 1847 nuchum
1767 1757 2034 1842 fuisse.
2215 1758 2380 1843 Hic
2436 1778 2734 1845 autem
2795 1760 2939 1871 qui
2975 1758 3534 1867 Osrlioenam
3605 1760 3922 1865 aedem

1339 1890 1647 1993 diruit,
1719 1912 2108 1973 vxorem
2150 1884 2449 1971 habuit
2503 1878 3124 1992 christianam}
3204 1888 3344 1972 cui
3396 1888 3695 1971 omnia
3779 1888 3927 1976 Li-

1335 2020 1569 2102 banii
1603 2016 1926 2099 iudicio
1962 2014 2584 2099 commodauit
2611 2070 2637 2120 ‚
2684 2036 2774 2100 et
2814 2038 3064 2103 natus
3099 2015 3922 2123 inOsrhoenefiiit,

1340 2148 1581 2260 quod
1619 2170 1733 2228 ex
1769 2145 2137 2231 Lib-anio
2191 2142 2781 2227 concluditur.
2918 2146 3209 2262 Quare
3246 2144 3709 2248 existimo,
3761 2143 3921 2231 illo

1345 2294 1821 2385 tempore,
1857 2296 2055 2356 cum
2090 2272 2540 2381 Cynegius
2585 2273 2956 2373 orientis
2997 2293 3086 2356 et
3137 2272 3540 2383 Aegypti
3589 2272 3927 2383 templa

1250 2390 1257 2399 ”
1343 2404 1859 2490 occluderet
1896 2426 2124 2487 eoue
2167 2402 2255 2482 in
2297 2402 2679 2510 negotio
2723 2400 3214 2511 praefectos
3250 2405 3642 2509 minores
3675 2401 3923 2489 adhi-

1336 2535 1644 2635 beret,
1729 2532 1955 2615 hunc
1991 2528 2501 2644 Osdroenae
2542 2531 2858 2615 ducem
2900 2531 3256 2639 coniugi
3308 2551 3398 2616 et
3457 2530 3919 2615 monachis

1345 2662 1976 2770 obsequentem
2015 2655 2448 2743 excessisse
2491 2657 2795 2743 officio
2840 2679 2927 2740 et
2979 2658 3291 2743 aedem
3339 2660 3430 2742 in
3466 2656 3925 2743 Osrhoene

1346 2790 1722 2875 diruisse.
1861 2776 2317 2873 Amouiffe
2389 2811 2435 2868 a
2488 2788 2571 2871 se
2608 2786 3018 2896 culpam
2996 2813 3087 2869 m
3127 2784 3722 2879 necessitatem
3765 2788 3924 2869 ob·

1342 2917 1754 3030 sequendi
1807 2916 2210 3024 Libanius
2250 2937 2439 2999 non
2484 2913 2965 3000 diffimulafft
3140 2915 3569 3024 Ceterum
3617 2886 3928 2998 Theo·

1349 3048 1633 3156 dofius
1676 3046 1800 3131 Μ.
1841 3026 2091 3127 rebus
2141 3046 2262 3127 ita
2299 3040 2726 3152 praefuit,
2789 3062 2888 3127 vt
2923 3041 3228 3129 Persae
3269 3047 3448 3128 eius
3497 3045 3680 3126 vim
3736 3069 3925 3128 me·

1350 3195 1733 3262 tuerent.
1869 3173 2372 3282 Vtcumque
2449 3197 2585 3256 res
2640 3174 2822 3257 eius
2894 3167 3300 3256 Zosimus
3379 3171 3715 3274 eleuat,
3795 3192 3928 3256 ta-

1348 3329 1557 3391 men
1599 3328 1711 3385 ex
1745 3299 2071 3386 Orofio
2128 3305 2264 3405 (9)
2305 3301 2946 3408 Cognoscimus
2990 3354 3015 3401 ‚
3099 3324 3412 3408 pacem
3445 3298 3730 3386 Persae
3769 3322 3932 3410 pet

1346 3433 1695 3543 legatos
1735 3426 2103 3539 petiiffe.
2146 3429 2503 3513 Latinus
2538 3429 2890 3511 Pacatus
2921 3427 3013 3508 in
3066 3431 3606 3538 panegyrico
3646 3425 3760 3509 fic
3800 3429 3926 3511 di-

1348 3565 1482 3648 xit
1505 3566 1591 3664 (1
1615 3568 1712 3661 0)
1751 3594 1767 3644 ;
1810 3554 2092 3668 Persia
2122 3546 2290 3667 ipsa
2327 3557 2453 3637 rei
2479 3552 2853 3666 publicae
2883 3555 3199 3666 nostrae
3232 3571 3468 3641 retro
3501 3553 3811 3639 aemula
3847 3571 3930 3642 et

1351 3689 1627 3775 multis
1665 3686 2218 3771 Romanorum
2261 3682 2548 3767 ducum
2585 3677 2913 3795 famosa
2915 3676 3361 3796 funeribus
3431 3740 3456 3788 ,
3534 3682 3938 3797 quidquid

1351 3840 1741 3929 eumquam
1784 3818 1862 3898 in
1901 3809 2324 3924 Principes
2362 3814 2669 3925 nostros
2707 3811 3250 3897 inclementius
3261 3808 3494 3925 fecit
3530 3867 3555 3920 ‚
3600 3808 3934 3923 excusat

1354 3938 1712 4057 obsequio
1781 3977 1800 4029 ι
1878 3940 2215 4053 denique
2266 3931 2418 4050 ipſse
2459 3940 2589 4023 ille
2636 3963 2799 4024 rex
2852 3940 3026 4028 eius
3057 3995 3085 4044 ,
3169 3936 3649 4052 dedignatus
3688 3955 3934 4024 antea

1354 4071 1732 4177 confite}
1702 4096 1730 4152 z
1764 4067 2148 4151 hominem
2175 4123 2199 4172 ‚
2276 4093 2441 4151 zam
2449 4060 2797 4180 fatetur
2834 4072 3208 4154 timorem
3262 4083 3344 4154 et
3393 4069 3473 4153 in
3507 4063 3637 4152 his
3677 4077 3764 4152 te
3796 4093 3932 4152 co-

1355 4202 1456 4290 lit
1490 4198 1811 4312 templis
1846 4252 1875 4306 ‚
1956 4198 2037 4279 in
2089 4193 2382 4316 quibus
2421 4195 2787 4292 colitur:
2863 4210 3035 4283 tum
3070 4192 3461 4315 legatione
3495 4181 3930 4304 mittenda,

2945 4347 2950 4372 ¹
3699 4350 3934 4436 gem·

1652 4626 1773 4708 (9)
1817 4630 1883 4692 L.
1916 4630 2270 4708 V11.c.34.
2325 4625 2502 4707 (ια)
2554 4641 2730 4692 caz-
