4559 5919
866 559 951 660 E
1020 550 1464 661 NVMIS
1533 542 2431 659 1LLVSTRATAE
2495 554 2732 653 us.
2814 558 2990 653 IV.
3106 591 3157 650 2
3174 594 3304 679 29

727 798 914 867 tum
942 837 968 887 ‚
1047 783 1467 893 pecuniae
1525 779 1956 889 publicae,
2000 802 2552 866 annonarum
2597 777 2950 866 exactio
2990 779 3098 863 ad
3135 781 3298 865 de·-

728 913 1139 996 curiones
1179 910 1744 1021 pertinebant
1785 940 1806 992 z
1880 934 1993 993 ex
2026 910 2133 993 iis
2164 906 2712 1018 susceptores
2751 927 2842 992 et
2883 909 3298 1022 compul-

725 1037 969 1124 sores
1007 1039 1097 1121 in
1130 1028 1656 1149 prouinciis,
1734 1036 2133 1148 periculo
2175 1039 2466 1121 curiae
2505 1039 3026 1122 creabantur
3065 1090 3094 1141 ‚
3180 1062 3297 1129 ex

723 1165 875 1272 ijs,
956 1169 1101 1278 qui
1141 1166 1524 1252 iudicum
1562 1187 2040 1279 praecepta
2094 1189 2742 1276 exequerentur
2800 1218 2826 1268 ‚
2907 1166 3297 1256 mansio·

723 1294 1016 1398 nibuS,
1061 1296 1349 1405 pagis,
1386 1294 1734 1380 horreis
1773 1294 2241 1406 praefecti,
2268 1315 2899 1404 procuratores
2964 1298 3294 1382 metal-

719 1419 1018 1516 lorum
1062 1423 1331 1509 efl'ent
1375 1477 1404 1528 ,
1438 1434 1443 1441 '
1476 1424 1973 1534 legationes
2017 1424 2371 1508 obirent
2411 1477 2436 1527 ‚
2516 1446 3177 1531 nonnumquam
3201 1448 3292 1513 et

721 1552 1005 1636 cursus
1068 1549 1463 1662 publicos
1531 1572 1982 1662 regerent.
2110 1540 2457 1637 'Mirum
2508 1554 2779 1664 igitur
2840 1574 3026 1633 non
3134 1554 3290 1662 est,

668 1777 683 1787 ,
718 1705 919 1765 cum
942 1678 1383 1793 Saluianus
1415 1685 1552 1788 (5)
1569 1681 1897 1771 scribit:
1935 1703 2145 1795 quae
2175 1672 2569 1793 enimsunt
2586 1706 2734 1766 non
2753 1676 2976 1763 modo
2993 1676 3281 1790 vrbe-s,
3380 1754 3384 1759 .

693 1802 846 1923 sed
871 1809 1115 1906 etiam
1155 1814 1589 1922 municipia
1620 1820 1872 1925 atque
1903 1810 2075 1895 vici
2089 1805 2275 1916 ‚vbi
2291 1833 2437 1895 non
2455 1826 2693 1924 ‚quot
2708 1804 3290 1919 Curialessuea

715 1939 923 2039 rint,
952 1952 1078 2019 tot
1100 1940 1439 2049 tyranni
1437 1940 1605 2052 fint
1623 1932 1657 2020 ζ
1676 1940 1862 2053 quis
1898 1936 2115 2022 locus
2133 1934 2241 2053 est
2261 1992 2294 2051 ,υ
2309 1938 2455 2022 vbi
2470 1963 2618 2024 non
2636 1936 3290 2051 aprincipalibus

715 2069 1157 2151 ciuitatum
1241 2080 1285 2169 ·‚
1461 2066 1899 2153 viduarum
2002 2080 2085 2150 et
2159 2067 2654 2177 pupillorum
2734 2060 3054 2177 viscera
3138 2067 3286 2153 de-

730 2209 1127 2279 uorentur
1144 2210 1225 2280 et
1241 2220 1418 2281 cum
1435 2193 1565 2280 his
1583 2192 1852 2316 firme
1869 2195 2076 2280 omni
2084 2220 2210 2279 um
2206 2188 2676 2309 sanderum
2701 2186 2733 2274 ζ
2764 2197 3040 2280 Erant
3060 2199 3288 2284 certi

716 2325 955 2410 inter
974 2325 1485 2413 decuriones
1518 2328 1824 2435 gradus
1844 2349 2340 2417 munerum·
2369 2323 2774 2441 Summus
2793 2379 2818 2429 ,
2846 2322 3286 2410 Duumui·

714 2474 954 2537 ratus
990 2511 1016 2560 ,
1089 2456 1235 2566 qui
1302 2475 1388 2541 et
1468 2454 2015 2564 Magistratus
2092 2453 2633 2565 simpliciter.
2771 2456 2885 2539 Hi
2961 2453 3281 2564 populi
3341 2532 3356 2545 .

710 2580 1116 2690 suffragio
1157 2585 1597 2698 nominati
1634 2639 1660 2689 ‚
1737 2587 2063 2669 duobus
2097 2583 2520 2669 mensibus
2560 2601 2703 2668 aut
2740 2583 3009 2667 tribus
3045 2585 3282 2693 post,

712 2711 1248 2820 potestatem
1284 2712 1633 2798 adibant
1701 2714 1885 2799 aliis
1930 2717 2021 2798 in
2070 2698 2567 2798 ciuitatibus
2627 2736 2996 2797 annuam
3078 2766 3104 2815 ,
3184 2714 3276 2796 in

710 2838 898 2923 aliis
933 2840 1707 2951 quinquennalem,
1762 2842 2179 2954 ludosque
2214 2842 2478 2926 initio
2515 2841 3050 2951 magistratus
3071 2842 3280 2926 ede-

574 2975 581 2980 ’
662 2965 917 3072 ‘bant
954 2967 1326 3080 populo.
1479 2971 1966 3058 Secundum
2024 2973 2532 3058 duumuiros
2599 2972 2685 3055 in
2740 2971 2999 3057 Curia
3079 2993 3277 3056 erat

708 3120 964 3203 vnus,
1021 3101 1164 3208 qui
1219 3100 1603 3209 primum
1636 3100 1934 3188 locum
1958 3101 2313 3187 tenebat
2349 3101 2850 3209 curiamque
2903 3099 3271 3204 regebat

709 3229 1186 3312 comitiuae
1232 3229 1691 3340 dignitate.
1825 3231 1996 3347 Qui
2034 3230 2461 3338 primum,
2502 3226 2966 3312 secundum
3015 3246 3264 3312 cete-

707 3378 1027 3463 rosque
1064 3331 1555 3466 suffleriores
1591 3359 1899 3467 gradus
1936 3358 2358 3443 tenebant
2401 3358 2488 3439 in
2532 3357 2765 3440 curia
2806 3408 2836 3455 ‚
2949 3350 3133 3438 aliis
3174 3356 3266 3439 in

710 3482 1202 3566 ciuitatibus
1280 3487 1585 3568 decem
1628 3542 1649 3589 ‚
1692 3485 1889 3570 alibi
1966 3509 2342 3571 numero
2398 3483 2576 3567 alio
2620 3539 2641 3586 ‚
2693 3486 3116 3593 primates
3173 3505 3266 3566 et

704 3611 1237 3719 principales
1280 3613 1808 3697 dicebantur.
1975 3616 2118 3699 Ad
2158 3614 2321 3696 hos
2360 3614 2756 3696 honores
2796 3608 3266 3693 adscende-

704 3737 911 3822 bant
958 3792 983 3842 ,
1062 3742 1554 3825 muneribus
1591 3740 2154 3827 inferioribus
2195 3768 2355 3851 per
2398 3741 2801 3826 ordinem
2850 3736 3258 3825 defunctis

705 3868 873 3982 Qui
918 3867 1316 3955 duumuir
1372 3870 1638 3956 lectus
1678 3871 1955 3953 suerat
2001 3925 2028 3973 ‚
2109 3872 2422 3958 exacto
2465 3866 3268 3976 magistratumullis

662 3989 1201 4079 “muneribus
1274 3998 1827 4083 inferioribus
1905 3997 2362 4084 tenebatur
2420 4051 2446 4100 ‚
2559 3994 2804 4081 huius
2877 3994 3260 4104 supremi

709 4122 1036 4204 ordinis
1079 4146 1558 4234 eorumque
1601 4152 2058 4211 munerum
2102 4127 2631 4211 candidatus.
2805 4127 2887 4207 A
2931 4124 3259 4230 princi-

703 4248 1033 4359 palibus
1072 4248 1396 4332 fiebant
1437 4255 2052 4364 adscriptiones
2109 4276 2194 4337 et
2240 4255 2746 4339 exactiones
2803 4303 2825 4351 ,
2944 4274 3259 4334 eorum

703 4397 891 4462 erat
936 4377 1633 4491 distributionum
1698 4384 1987 4494 omnis
2025 4380 2312 4465 forma
2354 4436 2379 4486 ,
2496 4379 2939 4489 disciplina
2981 4380 3261 4488 publi-

1879 4512 1942 4594 F
1977 4505 2025 4590 s
2083 4538 2131 4615 3
2521 4547 2534 4556 ·
3157 4534 3257 4589 ca

804 4697 809 4701 ·
863 4680 1013 4762 (5)
1076 4684 1168 4750 De
1206 4676 1654 4743 Gubernutione
1682 4677 1780 4739 dei
1798 4675 1869 4743 1..
1896 4678 1974 4750 V·
2058 4745 2063 4754 ,
