4559 5919
1315 614 1353 670 1
1374 606 1431 691 7
1451 609 1503 668 2
1818 480 2563 671 ‘Hrsromsiss
2632 568 3396 675 OSRHOENAE

1175 896 1187 912 .
1304 793 1942 880 Edess‘enorum
2019 793 2404 902 principi
2486 792 2690 874 viro
2763 789 3294 893 sanfiiffimo
3345 787 3880 885 familiarem

1305 921 1544 1004 fuisse
1611 920 1900 1004 scribit
1954 945 2045 1003 et
2107 919 2357 1002 simul
2407 920 2920 1003 adiutorem
2979 920 3666 1029 eruditionisque
3738 921 3881 1003 so-

1308 1051 1568 1132 cium.
1666 1049 1868 1131 ·Hic
1897 1031 2421 1135 Bardesanes
2455 1047 2924 1134 Edessenus
2958 1044 3116 1130 fuit
3156 1100 3182 1150 ,
3262 1065 3361 1132 vt
3415 1048 3670 1155 supra
3724 1046 3883 1131 de«

1309 1177 1814 1260 monstraui.
1980 1174 2508 1261 Edessenum
2563 1174 3063 1257 chronicon
3099 1181 3239 1279 (6)
3313 1198 3516 1260 eum
3573 1191 3880 1261 natum

1312 1303 1643 1403 refert,
1720 1304 1833 1387 A.
1872 1298 2047 1386 Sel.
2087 1307 2320 1408 465.
2354 1302 2516 1387 ΧΙ.
2553 1301 2756 1387 Iulii
2802 1305 2914 1388 A.
2940 1303 3046 1391 C.
3096 1289 3203 1407 1¹5
3222 1334 3313 1410 4.
3477 1301 3882 1411 Epiphaf

1312 1432 1500 1515 nius
1550 1445 1937 1512 aetatem
1990 1430 2324 1536 Abgari
2379 1431 2613 1537 regis
2647 1431 3043 1513 viuendo
3081 1427 3512 1515 exceffiss‘e
3542 1430 3882 1519 Barde·

1234 1624 1241 1629 .
1304 1560 1594 1641 sanem
1636 1557 1973 1657 scribit,
2054 1558 2163 1639 ad
2196 1558 2763 1641 Antoninum
2795 1580 3063 1665 vsque
3132 1591 3154 1645 ι
3229 1578 3442 1667 puta
3479 1560 3875 1644 Antoni·

1232 1696 1239 1703 '
1307 1706 1518 1769 num
1556 1681 2118 1790 Elagabalum
2160 1717 2178 1770 ι
2351 1702 2539 1781 erat
2579 1700 2875 1770 autem
2917 1702 3106 1768 tum
3147 1685 3752 1792 sexagenarius
3788 1704 3880 1773 et

1310 1813 1763 1922 aliquanto
1803 1813 2119 1894 maior.
2179 1802 2891 1897 HicBardesanes
2926 1814 3276 1923 quidem
3313 1831 3635 1898 contra
3655 1812 3874 1897 Abi-

1262 1932 1511 2023 'dam
1574 1939 2116 2045 astrologum
2164 1938 2398 2022 libro
2456 1938 2783 2022 defato
2842 1938 3311 2049 disputauit
3366 1961 3454 2023 et
3498 1942 3873 2024 inanita-

1301 2084 1491 2151 tem
1528 2065 2185 2174 astrologorum
2220 2063 3090 2177 hariolationumque
3141 2068 3613 2176 proscidit,
3692 2067 3875 2175 ipse

1305 2212 1611 2277 tamen
1643 2195 2190 2277 inueteratos
2229 2218 2584 2279 errores
2615 2219 2806 2276 non
2841 2198 2965 2277 ita
3003 2196 3406 2303 deposuit
3493 2251 3519 2299 ‚
3587 2197 3874 2301 vtiisg-
3929 2196 3936 2204 “

1304 2321 1512 2405 dem
1569 2321 2118 2431 christianam
2151 2320 2692 2432 religionem
2734 2345 2921 2404 non
2964 2320 3872 2439 deformaret.Quam·

1302 2449 1620 2532 obrem
1662 2447 1749 2535 S.
1823 2447 2376 2557 Ephraemus
2483 2448 2742 2556 syrus
2776 2505 2800 2551 ,
2878 2451 3294 2535 diaconus
3329 2451 3803 2534 Edessenus
3842 2504 3871 2554 ,

1298 2578 1559 2685 saepe
1598 2592 1688 2658 et
1750 2574 2340 2661 vehementer
2399 2580 2488 2659 in
2537 2573 3123 2664 Bardesanem
3158 2579 3600 2686 festaeque
3640 2578 3873 2673 istius

1302 2703 1718 2791 homines
1754 2705 2135 2789 inuectus
2170 2704 2360 2795 est.-
2453 2705 2581 2788 Vt
2626 2704 3150 2803 Bardesanes
3198 2705 3688 2795 instituerat
3739 2708 3871 2786 in·

1302 2833 1553 2941 genii
1609 2830 1724 2912 sui
1776 2851 2298 2917 commenta
2328 2833 2672 2916 caelesti
2701 2834 3064 2917 veritati
3100 2833 3570 2918 admiscere
3648 2888 3675 2937 ‚
3754 2835 3875 2918 ita

1303 2961 1839 3048 Harmonius
1890 2957 2120 3042 filius
2155 2941 2333 3043 e'ius
2361 2958 2889 3043 carminibus
2922 2961 3413 3056 incredibili
3453 2963 3874 3049 suauitate

1302 3086 1639 3172 multos
1677 3087 2110 3195 peruertit
2146 3106 2407 3197 atque
2453 3087 3018 3195 opinionibus
3057 3092 3442 3196 paternis
3479 3090 3872 3172 adsocia·

1210 3210 1219 3216 ’
1302 3216 1438 3297 uit
1463 3269 1490 3319 ,
1567 3238 1783 3325 quae
1818 3213 2028 3300 nihil
2065 3215 2546 3298 admodum
2587 3241 2629 3298 a
2673 3214 3508 3303 Valentinianorum
3544 3216 3874 3304 delitiis

1308 3342 1936 3456 discreparant.
2024 3341 2731 3447 (7)‚Bardesanes
2765 3344 2944 3452 ipse
2986 3346 3215 3452 apud
3243 3341 3697 3427 Eusebium
3731 3346 3876 3449 (8)

1246 3559 1257 3568 ,
1302 3468 1596 3555 scribit
1678 3524 1707 3573 ‚
1783 3470 1873 3550 in
1923 3469 2382 3555 Osrhoene
2432 3471 2904 3578 plerosque
2951 3471 3132 3580 Opi
3166 3471 3306 3554 seu
3356 3469 3658 3558 Rheae
3701 3469 3871 3553 effe
3963 3575 3964 3582 Ν

1306 3581 1723 3682 castratos
1751 3596 1979 3700 ,hoc
2020 3618 2320 3682 autem
2345 3616 2768 3705 tempore
2802 3598 3252 3706 Abgarum
3291 3621 3593 3705 regem
3617 3622 3870 3681 man·
3945 3609 3950 3620 ’

1309 3726 1511 3808 data
1547 3723 1872 3807 dedisse
1953 3779 1982 3827 ,
2069 3728 2214 3836 qui
2270 3748 2463 3809 eam
2522 3727 3158 3834 turpitudinem
3199 3727 3289 3805 in
3326 3724 3406 3805 se
3447 3724 3866 3807 admitte·

1304 3871 1514 3936 rent
1555 3903 1581 3954 ‚
1660 3836 2017 3933 illorum
2054 3878 2402 3962 quoque
2444 3879 2741 3937 manus
2762 3856 2893 3936 vti
2932 3851 3698 3961 praeciderentur:
3757 3874 3876 3936 ex

1303 3981 1548 4060 eoin
1586 3978 2049 4062 Osrhoene
2084 3973 2650 4074 sesneminem
2705 3981 3146 4064 mutilare.
3325 3978 3539 4066 Erat
3574 3997 3872 4062 autem

1309 4124 1397 4190 et
1431 4106 1896 4217 Hierapoli
1932 4124 2021 4191 et
2081 4110 2441 4192 omniin
2484 4106 2733 4215 Syria
2773 4125 3034 4218 atque
3067 4104 3734 4217 Mesopotamia
3762 4105 3868 4192 il·

1300 4617 1357 4681 ι
1413 4535 1564 4681 v(¹6)
1629 4553 1690 4611 p.
1715 4535 1861 4611 389·
1905 4530 1997 4611 (7)
2039 4534 2546 4600 VithAll'emanu
2572 4538 2653 4599 T.
2676 4537 2729 4597 1.
2759 4553 2802 4614 p
2841 4538 2955 4612 48.
3033 4533 3152 4612 (8)
3196 4535 3277 4593 ln
3338 4542 3608 4613 praepar.
3652 4541 3874 4604 οπως.

1359 4658 1378 4682 .
1505 4632 1724 4681 ‚cao-
