4559 5919
865 562 947 659 E
1018 554 1462 657 NVMm
1514 551 2433 716 erLvsTRATAE
2501 551 2737 682 zm.
2818 554 2932 657 ν.
3053 585 3253 690 339
3349 681 3367 698 .

666 782 944 868 tradit
976 834 1010 886 ,
1093 807 1248 869 eos
1284 809 1479 868 cum
1520 781 1946 866 mercibus
1986 836 2009 886 ‚
2080 776 2548 890 paullatim
2577 781 2833 894 vsque
2871 783 2981 869 ad
3034 810 3253 896 por-

673 912 1299 1006 tasinterioris
1331 912 1577 994 castri
1624 905 2148 1022 penetrasse.
2206 908 2796 1018 Vestigalium
2847 913 3255 1022 magister

667 1039 914 1132 iuxta
948 1063 1183 1148 port·
1171 1068 1304 1124 im
1345 1066 1541 1124 cum
1572 1040 1955 1151 quodam
2009 1041 2141 1122 rei
2186 1037 2542 1122 conscio
2592 1036 2962 1124 scacchis
3007 1039 3253 1128 lude·

668 1164 815 1250 bat
860 1222 884 1269 ‚
964 1195 1161 1264 cum
1216 1171 1321 1252 ad
1364 1194 1560 1252 eum
1605 1168 2025 1252 accedunt
2071 1221 2096 1270 ‚
2210 1166 2488 1250 veluti
2531 1164 2695 1256 de
2676 1170 2990 1252 iniuria
3041 1195 3252 1280 que·

670 1293 900 1380 sturi.
1033 1297 1174 1382 Ab
1206 1321 1318 1379 eo
1362 1295 1604 1379 illico
1646 1298 1932 1380 caedis
1971 1295 2322 1378 initium
2359 1317 2748 1404 captum.
2822 1293 3062 1395 lllius
3100 1300 3254 1421 de·

668 1423 875 1506 inde
953 1448 1068 1508 ex
1141 1426 1486 1508 aedibus
1552 1451 1793 1509 arma
1868 1385 2332 1533 proferunt
2408 1476 2435 1527 ,
2517 1419 2835 1507 obuios
2886 1415 3252 1514 centum

663 1551 989 1636 Turcas
1028 1577 1077 1634 e
1108 1552 1548 1661 praesidio
1593 1554 1789 1636 neci
1825 1554 2032 1636 dant
2072 1607 2097 1658 ‚
2178 1571 2490 1663 portas
2513 1552 2988 1659 claudunt,
3066 1558 3250 1644 Rea

664 1702 921 1788 gem,
960 1681 1485 1766 loscelinum
1527 1705 2054 1791 ceterosque
2119 1706 2168 1763 e
2225 1680 3247 1770 carceribusdimittunt.

660 1808 846 1902 Alii
881 1809 1113 1894 scalis
1157 1830 1594 1920 occupant
1632 1811 1995 1896 moenia
2038 1829 2125 1892 et
2163 1811 2253 1893 in
2296 1832 2494 1890 arce
2535 1808 3250 1898 Christianorum

656 1938 1081 2032 vexillum
1118 1936 1451 2022 locant.
1586 1943 1691 2020 In
1735 1966 1833 2023 ea
1889 1959 2078 2023 erat
2125 1935 2425 2026 Balaci
2478 1939 2834 2022 coniux.
2969 1946 3097 2026 At
3132 1963 3250 2026 ex

655 2062 1143 2148 suburbanis
1175 2085 1552 2174 repente
1588 2068 2043 2168 concursus
2075 2064 2214 2150 fit:
2286 2085 2608 2173 portae
2644 2120 2671 2171 ‚
2742 2065 2890 2154 vbi
2925 2068 3057 2152 vis
3110 2069 3249 2155 ni-

659 2191 883 2278 nihil
922 2197 1218 2303 potuit
1247 2249 1271 2297 ‚
1324 2195 1884 2279 obsidentur.
2021 2192 2423 2282 Consilio
2465 2219 2686 2305 opus
2721 2213 2913 2310 erat
2950 2220 3240 2303 noun,

654 2324 801 2431 qui
835 2341 975 2406 aut
1018 2324 1541 2426 euaderent,
1622 2344 1764 2408 aut
1808 2323 2124 2408 auxilia
2178 2324 2530 2407 suorum
2606 2322 3142 2408 adducerent

654 2469 874 2534 nam·
925 2452 1337 2546 Balneum
1395 2450 1809 2536 celeriter
1845 2455 1951 2537 ad
2009 2451 2329 2537 famam
2377 2452 2503 2534 rei
2547 2449 3045 2538 adfuturum
3080 2477 3240 2563 ap·

651 2579 1046 2687 parebat.
1174 2581 1419 2688 Ergo
1466 2580 1938 2665 loscelinus
1979 2606 2171 2665 rem
2210 2581 2298 2664 in
2340 2577 2421 2664 se
2455 2573 2849 2692 suscepit.
3018 2576 3238 2696 Sub-3

648 2706 887 2790 lustri
928 2711 1185 2796 noeste
1222 2736 1419 2793 cum
1461 2710 1728 2794 tribus
1779 2710 2241 2796 comitibus
2291 2709 2632 2820 exitum
2683 2731 2850 2819 per
2886 2709 3242 2793 medios

655 2834 1236 2924 obsidentium
1310 2863 1639 2921 cuneos
1696 2839 2069 2923 inuenit.
2204 2835 2327 2919 Vt
2368 2833 2628 2919 euasit
2688 2892 2715 2943 ,
2785 2823 3242 2954 continuo‘

647 2989 915 3050 vnum
952 2968 1061 3061 ad
1093 2992 1398 3075 regem
1438 2993 1633 3052 cum
1672 2969 2002 3053 annulo
2046 2965 2418 3069 remisit,
2498 2966 2640 3077 qvi
2678 2955 2965 3051 salutis
2984 2963 3234 3077 spem

648 3094 816 3179 effe
859 3099 1335 3181 nunciaret.
1411 3098 1614 3184 Rex
1650 3098 2251 3209 interim‚qua
2290 3096 2594 3203 potuit
2632 3077 2881 3198 cura,
2930 3118 3232 3181 arcem

642 3223 731 3305 in
768 3225 1067 3307 auxilii
1107 3227 1580 3308 aduentum
1633 3224 2109 3306 muniebat.
2281 3224 2556 3307 Forte
2596 3247 2697 3307 ea
2753 3216 3016 3308 noste
3056 3224 3230 3310 Ba·
3309 3280 3332 3311 0

643 3347 775 3433 lac
815 3351 909 3457 in,
941 3354 1387 3439 insomnio
1464 3350 1682 3433 visus
1736 3351 1886 3436 fibi
1944 3352 2062 3437 est
2110 3349 2421 3434 videre
2460 3402 2487 3453 ,
2565 3368 2665 3433 vt
2705 3376 2750 3433 a
2783 3349 3260 3438 loscelino'

648 3480 919 3563 oculis
961 3484 1477 3588 priuaretur.
1612 3480 1878 3563 Huius
1911 3479 2350 3588 religione
2386 3477 2802 3565 insomnii
2842 3480 3116 3563 tactus
3185 3532 3222 3583 ,

639 3606 1212 3713 spiculatores
1287 3598 1512 3689 misit
1531 3661 1581 3708 ‚a
1626 3610 1769 3715 qui
1806 3606 2216 3693 Ioscelini
2251 3625 2512 3714 caput
2593 3606 3225 3694 rescinderent.

640 3736 926 3818 Iidem
952 3737 1374 3839 retulere,
1420 3756 1709 3816 arcem
1752 3756 2107 3820 tenena
2140 3757 2539 3843 captiuis
2601 3736 3224 3863 Praepropere

644 3861 996 3955 aduolat
1028 3862 1286 3979 Balac
1328 3884 1419 3945 et
1464 3859 2015 3947 obsidionem
2052 3883 2332 3973 parat.
2430 3858 2903 3947 Ioscelinus
2950 3866 3218 3991 troam

639 3995 963 4098 magi5‚
1040 4017 1296 4101 quam
1338 3990 1722 4075 interdiu
1789 3972 2198 4075 incedens
2258 4044 2286 4095 ,
2364 3990 2690 4074 attritis
2741 3970 3064 4077 calceis
3110 3992 3222 4081 ad

633 4118 1178 4228 Euphratem
1221 4124 1492 4203 ιειιίι.
1620 4119 1877 4206 Duos
1914 4138 2210 4203 vteres
2249 4174 2273 4222 ‚
2352 4145 2569 4232 quos
2623 4117 2910 4203 secum
2952 4123 3216 4205 adue·

633 4270 891 4335 xerat
933 4272 1146 4357 aqua
1184 4246 1533 4354 plenas,
1612 4270 1894 4333 vento
1936 4247 2342 4331 distendit
2382 4268 2468 4331 et
2494 4246 3213 4355 circumligat,in-

576 4426 581 4431 -
635 4375 885 4457 nixus
939 4375 1406 4459 comitibus
1469 4378 1799 4464 duobus
1872 4360 2428 4476 transnatat,
2509 4370 2922 4485 fessusque
2977 4376 3215 4460 inter

634 4501 993 4587 dumeta
1024 4502 1165 4595 sub
1204 4529 1419 4588 nuce
1456 4506 1857 4593 somnum
1915 4504 2182 4612 capit.
2317 4504 2581 4591 Alter
2613 4504 3101 4604 comitum,
3150 4502 3214 4588 si

1797 4632 1881 4716 V
1912 4657 1973 4720 v
2015 4659 2068 4716 2
2961 4628 2984 4641 '
3007 4632 3215 4744 quid
