4559 5919
1150 1708 1153 1713 .
1297 1620 1768 1737 tranquille
1811 1624 2246 1738 regnauit.

1295 521 1424 602 σε
1796 500 2021 601 HIS
2027 497 2502 615 TORIAE
2586 499 3361 617 OSRHOENAE

1288 723 1573 818 Baker
1613 727 2089 818 Arabicum
2131 750 2469 814 nomen
2503 726 2790 815 cameli
2829 748 2922 816 et
2959 731 3241 817 tribus
3273 784 3300 838 ‚
3382 755 3497 823 ex
3530 754 3706 848 quo
3737 735 3875 831 A·

1292 852 1652 942 bubaker
1719 857 1971 947 socer
2009 854 3027 975 Mahomffetisjmultique
3049 861 3198 948 alii
3229 866 3368 971 (9)
3440 885 3530 951 et
3603 866 3873 955 Diar-

1292 985 1559 1071 baker
1608 1004 2017 1073 veterum
2090 987 2416 1074 Amida
2471 1040 2500 1092 ‚
2581 1008 2673 1075 et
2710 1006 2910 1075 tota
2979 992 3646 1107 Mesopotamia
3717 1050 3745 1105 ‚
3823 1024 3877 1089 a

1292 1113 1524 1200 tribu
1559 1116 1940 1201 Arabica
1966 1113 2295 1221 Baker‚
2375 1141 2590 1228 quae
2630 1119 2726 1205 in
2783 1145 2885 1207 ea
2919 1125 3352 1219 consedit.
3414 1120 3876 1236 Dionyfio

1295 1244 1615 1327 dicitur
1686 1242 1791 1329 ab
1833 1268 2069 1331 anno
2115 1245 2527 1333 Abrahae
2574 1276 2866 1356 1900.
2902 1254 3297 1363 regnaffe
3339 1280 3621 1341 annos
3660 1275 3871 1343 tres·

1295 1371 1495 1460 Nos
1568 1396 1770 1455 eum
1842 1373 2373 1457 arbitramur
2419 1378 2703 1460 iniisse
2755 1404 3130 1487 regnum
3174 1381 3414 1465 anno
3449 1384 3878 1467 Abrahae

1304 1526 1345 1584 1
1374 1506 1592 1604 897.
1761 1498 2118 1583 Interea
2155 1496 2662 1583 Antiochus
2699 1496 3060 1615 Grypus
3096 1503 3482 1618 insyria
3519 1508 3631 1596 fic
3666 1507 3873 1597 satis

3285 1722 3370 1751 ”-

1299 1965 1456 2088 V.
1495 1975 1902 2122 οὶ-ΩΔ
1975 1982 2195 2111 ’,Δ
2291 1978 2691 2151 0524?
2755 1946 3140 2093 Bacrac
3220 1970 3425 2096 bar
3489 1965 3873 2098 Bacru

1300 2229 1404 2314 ab
1445 2258 1683 2323 anno
1723 2230 2134 2324 Abrahae
2187 2262 2477 2346 1900.
2520 2226 2884 2349 ineunte
2921 2238 3329 2348 regnauit
3388 2289 3417 2345 ,
3489 2253 3590 2321 vt
3623 2236 3865 2349 Dio-

1281 2364 1572 2467 nyfius
1653 2362 1916 2448 habet
1974 2420 2001 2469 ,
2082 2391 2365 2451 annos
2411 2370 2757 2475 viginti.
2853 2365 2860 2371 ’
2903 2366 3044 2453 Sic
3083 2369 3353 2451 etiam
3401 2389 3517 2450 ex
3551 2369 3869 2450 nostris

1294 2492 1811 2577 rationibus·
1915 2494 2373 2578 Extremis
2407 2501 2654 2586 annis
2689 2495 2976 2580 socios
3009 2497 3265 2602 regni
3301 2491 3602 2576 habuit
3663 2493 3865 2580 Ma·

1300 2642 1509 2704 num
1552 2640 1640 2707 et
1682 2621 2537 2730 Abgarum.Manum
2574 2621 3053 2733 Dionysius
3071 2622 3378 2725 tradit,
3419 2644 3658 2705 anno
3730 2625 3863 2708 A·

1294 2746 1619 2833 brahae
1669 2760 1846 2855 191
1875 2757 1956 2831 8.
1993 2750 2389 2857 regnass‘e
2432 2753 2768 2838 menses
2800 2770 3204 2863 quatuor.
3337 2750 3580 2855 NoS,
3652 2772 3856 2832 cum

1294 2877 1622 2987 viginti
1690 2900 1967 2962 annos
2003 2878 2263 2965 Bacri
2334 2904 2930 2985 numeramus„
2958 2877 3418 2963 definimus
3473 2879 3564 2959 in
3619 2900 3862 2961 anno
3989 2872 3998 2881 ’

1290 3005 1704 3094 Abrahae
1751 3034 2037 3112 1920.
2073 3008 2440 3091 ineunte
2533 3063 2562 3115 ‚
2655 3034 2855 3094 cum
2891 3008 3291 3117 Abgarus
3373 3061 3403 3111 ‚
3478 3005 3623 3118 qui
3660 3003 3866 3115 post

1298 3134 1667 3233 Manum
1708 3133 1985 3219 socius
2038 3137 2294 3245 regni
2326 3134 2485 3222 fuit
2521 3192 2547 3242 ,
2624 3139 3005 3226 Bacrum
3064 3134 3422 3221 occidit.
3558 3116 3858 3243 Ab‘ga-

1299 3290 1442 3350 rus
1520 3264 1741 3346 duos
1812 3289 2090 3349 annos
2137 3264 2470 3349 solidos
2524 3288 2611 3352 et
2664 3286 3046 3375 quatuor
3075 3264 3416 3347 menses
3449 3262 3862 3369 regnauit

1300 3418 1498 3478 cum
1533 3393 1822 3480 Bacro
1898 3424 1919 3475 z
1992 3392 2268 3500 igitur
2320 3394 2412 3474 in
2472 3393 2992 3480 societatem
3047 3393 3300 3499 regni
3333 3389 3698 3475 adscitus
3735 3388 3862 3475 est

1298 3546 1536 3605 anno
1594 3517 1999 3607 Abrahae
2062 3543 2357 3625 1917.
2401 3544 2608 3607 ante
2641 3522 3028 3605 mensem
3070 3519 3410 3606 Maium
3447 3519 3654 3605 anni
3689 3541 3856 3626 pe·

1300 3651 1538 3732 riodi
1573 3648 1959 3735 Iulianae
1996 3659 2183 3756 461
2208 3675 2297 3753 5.
2496 3653 2635 3737 Ex
2672 3676 2852 3760 quo
2884 3646 3402 3754 conficitur,
3481 3646 3858 3732 Manum

1301 3796 1508 3862 ante
1549 3802 1747 3862 eum
1783 3802 1978 3859 cum
2010 3778 2308 3863 Bacro
2344 3778 2736 3886 regnasse
2769 3798 3146 3888 quatuor
3200 3773 3537 3858 menses
3632 3824 3661 3876 7
3747 3770 3858 3854 ab

1302 3906 1695 4014 auspiciis
1731 3906 1935 3990 anni
1966 3906 2320 4013 periodi
2351 3906 2735 3993 Iulianae
2785 3914 2972 4012 461
2999 3928 3085 4008 ς.
3287 3903 3507 3990 Non
3547 3896 3858 4011 poss‘u-

1302 4058 1545 4136 mue,
1626 4030 2252 4143 cxhypothess
2298 4036 2588 4120 nostra
2621 4033 3050 4118 calculum
3087 4031 3506 4118 ducentes
3542 4056 3656 4130 „a
3690 4053 3856 4113 ve·

1304 4189 1411 4250 ro
1455 4182 1877 4284 tempore
1916 4182 2098 4247 tam
2130 4162 2403 4273 longe
2442 4165 2848 4251 aberrare
2886 4215 2916 4267 ,
2988 4178 3089 4246 vt
3121 4157 3608 4270 Dionyfius
3641 4154 3850 4238 Tel·

3451 4309 3845 4368 marien-

1582 4467 1680 4547 (9)
1743 4470 2031 4533 Sahditaee
2054 4472 2361 4545 originem
2389 4473 2633 4531 trahunt
2663 4488 2695 4528 a
2722 4468 2930 4534 Sahdo
2970 4467 3109 4530 filio
3146 4469 3354 4534 Barth
3482 4463 3869 4534 Abrahamts

1303 4549 1718 4616 Etthellenfis
1738 4556 1804 4613 in
1829 4551 2143 4634 supplem.
2165 4551 2466 4617 chronici
2492 4555 2816 4617 orientalis
2836 4571 2904 4633 p.
2932 4555 3069 4630 1370
