4559 5919
582 584 625 599 Q

856 538 944 643 E
1011 531 1481 645 murs
1537 474 2458 639 affirmans·
2507 531 2741 645 us.
2812 537 2992 643 ιν.
3064 582 3178 646 21
3206 586 3248 644 ι

681 760 1083 870 Per-ficu,
1161 767 1305 879 qui
1337 764 1453 851 in
1468 759 2133 878 Mesopotamia
2170 759 2818 891 remanserant,
2889 744 3270 890 congra-

544 884 557 901 '
693 893 1171 983 tulantibus
1313 949 1342 1002 ,
1428 895 1746 1016 quod
1812 891 2491 981 commilitones
2593 894 2772 982 sese
2852 898 3272 985 maximis

683 1022 1107 1136 periculis
1157 1023 1873 1136 expediuiffent:
1957 1039 2049 1109 at
2094 1042 2448 1111 metum
2496 1021 3000 1136 superfuisse
3055 1050 3278 1111 con·-

682 1152 1079 1241 sternatis
1136 1150 1254 1237 ob
1304 1152 1918 1266 praesidiarios
1966 1152 2451 1242 Edefl'enos
2494 1206 2522 1259 ,
2614 1153 2909 1265 itaque
2961 1151 3285 1240 mifiss‘o

684 1280 1192 1377 Chosroem
1220 1283 1319 1368 in
1353 1282 1668 1371 vrbem
1701 1340 1730 1392 ,
1799 1284 1946 1396 qui
1986 1282 2556 1369 ostenderent
2592 1335 2622 1390 ,
2712 1282 2798 1367 se
2836 1281 3084 1373 nuno
3117 1308 3276 1369 va·

666 1414 815 1496 'no
873 1430 1123 1499 metu
1179 1435 1296 1498 ex
1362 1436 1578 1521 agro
1618 1410 1930 1529 ,hostin
1997 1412 2445 1501 discedere
2501 1464 2529 1518 ,
2647 1411 2797 1498 sed
2861 1429 2963 1497 vt
3014 1410 3278 1499 festos

680 1540 1111 1652 quosdam
1171 1540 1355 1643 dies
1406 1542 2079 1631 concelebraret
2121 1595 2149 1647 ,
2245 1540 2541 1651 itaque
2592 1539 3148 1627 contendere
3184 1542 3276 1628 se

682 1689 776 1755 et
816 1694 1195 1771 monere
1230 1726 1256 1778 ,
1330 1696 1461 1771 ,ne
1502 1697 1664 1785 qua
1715 1668 2121 1765 molestia
2157 1668 2340 1754 suas
2385 1668 2691 1781 copias
2723 1667 3266 1780 adficerent,

676 1798 763 1885 se
796 1799 967 1888 iliis
1017 1823 1386 1889 omnem
1441 1802 1893 1914 Syriacam
1936 1816 2414 1887 monetam
2470 1851 2498 1903 ,
2561 1795 3276 1910 quam-haberet

675 1926 969 2035 secum
1007 1952 1124 2016 ex
1151 1930 1486 2042 rapinis
1523 1987 1550 2038 ,
1645 1929 2065 2019 munifice
2110 1927 2638 2038 largiturum
2681 1981 2709 2035 ,
2803 1926 2869 2014 fi
2905 1932 3276 2044 conqui-

682 2059 1001 2146 escant.
1154 2058 1692 2153 Praesidiarii
1760 2082 1959 2147 eam
2027 2056 2661 2143 conditionem
2735 2078 3272 2170 acceperunt

674 2206 935 2298 atque
992 2208 1042 2269 e
1094 2209 1359 2275 manu
1408 2190 1724 2275 misere
1765 2185 2053 2275 Persas
2123 2239 2154 2290 ,
2282 2196 2503 2297 quos
2543 2207 2838 2296 prope
2889 2189 3271 2273 circum·

672 2336 1030 2418 uentos»,
1063 2335 1162 2399 vt
1203 2314 1553 2405 ferasin
1580 2340 1847 2405 cauea
1880 2314 2216 2401 adoriri
2255 2313 2775 2426 potuiss‘ent.
2921 2317 3259 2425 Pugna·-

671 2460 869 2529 tum
900 2440 1024 2530 est
1052 2442 1330 2552 igitur
1365 2443 1474 2531 ad
1506 2444 2093 2534 Antiochiam
2146 2464 2293 2530 aut
2333 2459 2581 2531 certe
2633 2444 2722 2529 in
2764 2465 2985 2555 agro
3024 2443 3272 2555 Syri·-

666 2590 879 2682 aco,
949 2572 1187 2657 vnde
1219 2595 1630 2686 receptus
1663 2594 1853 2662 erat
1886 2569 2290 2681 Zeugma
2325 2590 2418 2657 et
2455 2575 2831 2661 traiecto
2861 2573 3272 2688 Euphra-

680 2718 775 2787 te
814 2704 907 2805 jn
943 2700 1245 2784 vicino
1280 2702 1646 2788 Edessae
1680 2727 1899 2814 agro
1938 2704 2374 2793 Batnaeo.
2521 2702 2718 2790 Post
2755 2703 3057 2813 paullo
3090 2704 3266 2792 Ba·

669 2828 856 2919 lista
893 2827 1380 2941 praefectus
1415 2834 1862 2919 Valeriani
1898 2831 2024 2919 M.
2079 2830 2477 2919 Fuluium
2514 2830 3066 2919 Macrianum
3106 2853 3265 2946 pa·-

670 2980 909 3046 trem
972 2978 1063 3045 et
1164 2956 1404 3052 filios
1511 2965 1687 3050 eius
1804 2964 1908 3079 Q.
2041 2958 2598 3068 Macrianum
2665 2961 3066 3049 Fuluium
3177 2978 3270 3048 et

676 3089 1531 3206 Quietum-Fuluium
1581 3094 1689 3176 ad
1725 3091 2207 3200 imperium
2267 3087 2622 3174 extulit.
2772 3093 2889 3179 Hi
2923 3116 3271 3204 quoque

671 3242 871 3301 rem
944 3220 1451 3306 Romanam
1520 3221 1611 3300 in
1668 3216 1920 3326 Syria
1969 3237 2058 3303 et
2140 3213 2807 3326 Mesopotamia
2872 3220 3271 3309 aduersus

669 3345 958 3431 Persas
1001 3343 1615 3450 sustinuerunt,
1666 3345 1959 3432 donec
1998 3344 2499 3430 Macrianus
2530 3365 2901 3460 vterque
2946 3368 3270 3436 contra
3307 3335 3334 3346 ’

668 3473 1163 3560 Aureolum
1205 3493 1294 3557 et
1340 3472 1849 3561 Gallienum
1900 3473 2183 3559 duxit.
2328 3474 2557 3559 Tum
2595 3478 2837 3560 enim
2895 3479 3265 3596 Quietus

662 3599 888 3688 solus
942 3624 1138 3687 cum
1211 3602 1526 3689 Balista
1580 3605 2033 3687 orientem
2111 3602 2423 3687 tenuit.
2600 3604 2892 3692 Caesis
2965 3624 3270 3694 autem

669 3729 1143 3822 Macrianis
1181 3747 1438 3839 patre
1477 3748 1564 3815 et
1600 3727 1848 3835 filio,
1919 3727 2435 3814 odenathus
2465 3732 3032 3842 Palmyrenus
3060 3758 3259 3848 rem

676 3860 1119 3968 publicam
1152 3859 1555 3970 suscepit,
1649 3854 2258 3945 deficientibus
2296 3858 2403 3942 ad
2459 3883 2663 3952 eum
2701 3887 2747 3945 a
2795 3864 3128 3981 Quieto
3171 3880 3265 3950 et

664 3985 976 4075 Balista
1009 3989 1383 4075 vrbibus.
1531 3986 2003 4098 Aggreffus
2073 4009 2228 4070 eos
2278 3987 2645 4076 Emesae
2697 3991 3256 4098 odenathus,

604 4171 615 4180 -
664 4112 1016 4225 praelio
1066 4113 1471 4226 superior
1502 4142 1551 4202 a
1596 4115 2019 4210 Gallieno,
2056 4114 2295 4225 Imp.
2391 4118 2568 4206 dux
2624 4121 2998 4206 orientis
3038 4146 3263 4206 con-

663 4244 1070 4332 stituitur.
1205 4243 1531 4330 Omnia
1570 4268 1619 4329 e
1648 4239 2036 4460 Zon1213r2:l
2205 4250 2238 4346 (
2256 4250 2374 4352 9)
2410 4248 2572 4334 Hic
2610 4242 2759 4331 ille
2793 4259 2994 4333 cum
3042 4250 3256 4462 Peg-

2112 4397 2167 4453 2
3222 4400 3260 4461 s

826 4674 963 4762 (9)
1016 4679 1095 4747 Τ.
1124 4681 1190 4782 .¹·
1232 4697 1297 4762 p.
1325 4696 1391 4759 p.
1411 4679 1579 4763 ⁶³3st
1600 4680 1696 4743 adi
1716 4675 1809 4758 ‚fin
1832 4676 2215 4743 Trebellium
2237 4659 2582 4741 Pollionem
2603 4679 2669 4736 in
2697 4681 2992 4758 tyrannis·
