4559 5919
1294 552 1434 660 ιη.
1795 468 2507 641 mmm
2547 454 3403 667 'OSRHOENAEJ

1292 760 1801 873 adequitare
1843 759 2091 848 vltro
2146 779 2236 847 et
2268 758 2593 847 blande
2633 754 2969 869 alloqui
3041 777 3136 845 et
3165 756 3518 845 hortari
3605 812 3632 866 ,
3712 760 3877 851 du-

1288 912 1595 979 rarent
1636 890 2104 1003 paullisper
2160 911 2252 979 et
2299 888 2901 977 accelerarent
2951 891 3321 999 gradum
3351 945 3379 998 ,
3448 888 3730 978 veluti
3766 894 3883 981 ad

1300 1040 1639 1106 certam
1685 1022 2190 1109 victoriam.
2389 1018 2857 1104 Interdum
2890 1017 3449 1108 cauillabatur
3484 1076 3512 1128 ,
3583 1023 3731 1134 qui
3758 1018 3878 1107 fic

1301 1149 1882 1237 concidissent
1917 1151 2220 1237 Martii
2255 1147 2601 1258 spiritus
2658 1137 2697 1228 ζ
2770 1170 3051 1258 neque
3127 1148 3371 1235 enim
3444 1151 3743 1236 fontes
3782 1169 3881 1239 et

1311 1280 1554 1363 riuos
1628 1297 1720 1364 et
1790 1279 2196 1364 vmbram
2248 1299 2339 1361 et
2390 1276 2731 1362 balinea
2780 1295 2872 1360 et
2930 1280 3453 1364 continuata
3488 1280 3881 1365 totoiti-

1298 1431 1510 1509 nere
1551 1406 2023 1503 diuersoria
2061 1407 2143 1493 se
2196 1408 2303 1491 iis
2359 1404 2821 1491 ostendisse
2857 1459 2887 1507 ‚
2962 1409 3108 1491 sed
3143 1406 3539 1493 Arabum
3568 1427 3675 1492 ·et
3708 1412 3887 1497 As·

1287 1534 1729 1644 syriorum
1774 1536 2104 1620 deserta
2141 1564 2169 1623 z
2254 1532 2470 1618 haec
2508 1534 2741 1643 prius
2772 1557 3032 1644 quam
3070 1533 3420 1631 hostem
3455 1537 3877 1645 superan-

1300 1664 1410 1747 da
1452 1665 1652 1749 effe.
1783 1663 1956 1747 Vbi
1989 1666 2363 1774 propius
2399 1661 2509 1747 ad
2541 1660 2885 1747 hostem
2923 1682 3115 1749 erat
3142 1683 3550 1768 ventum,
3610 1666 3877 1759 Cras-

1286 1793 1382 1879 so
1429 1792 1740 1879 Manus
1772 1794 2103 1880 rursum
2158 1794 2556 1903 imponit
2618 1811 2883 1904 atque
2918 1790 3418 1904 speculandi
3457 1813 3877 1902 praetex-

1293 1941 1391 2006 tu
1428 1949 1628 2007 cum
1671 1918 2001 2006 Surena
2038 1919 2647 2030 congreditur.
2779 1921 2923 2010 Re.
2951 1946 3159 2005 cum
3193 1946 3307 2008 eo
3338 1924 3883 2033 compofita,

1265 2044 1758 2140 'Romanos
1794 2051 2145 2137 securos
2184 2047 2589 2136 adhucin
2643 2046 2989 2133 infidias
3043 2050 3279 2135 ducit
3336 2104 3367 2155 ‚
3441 2036 3645 2165 quas
3716 2050 3881 2139 Su·

1288 2204 1500 2264 rena
1605 2202 1806 2263 cum
1880 2180 2228 2264 maiori.
2285 2196 2577 2290 parte·
2616 2177 3085 2287 copiarum
3158 2194 3881 2287 comparauerat}

1288 2306 1798 2392 Praemifl'us
1851 2335 1904 2392 a
1953 2306 2263 2397 Craffo
2323 2306 2548 2393 filius
2580 2307 2667 2392 P.
2711 2304 3097 2413 CraffuS,
3162 2306 3670 2395 adolescens
3702 2312 3879 2396 im·

1294 2437 1552 2546 piger
1593 2487 1619 2536 ‚
1702 2455 2155 2547 tamquam
2223 2436 2335 2519 ad
2418 2434 2770 2520 facilem
2821 2436 3291 2522 vidi-oriam
3337 2488 3367 2539 ‚
3444 2436 3883 2545 fugientes

1290 2559 1702 2648 consulto
1780 2561 2078 2649 hostes
2143 2563 2691 2649 consectatus
2746 2564 3274 2674 praecipitat
3311 2564 3406 2647 in
3449 2589 3644 2653 eam
3687 2593 3878 2654 ma·

1293 2718 1506 2777 num
1549 2744 1580 2793 ‚
1657 2715 1876 2800 quae
1914 2695 2008 2777 in
2053 2691 2419 2779 occulto
2450 2690 3003 2777 consederat.
3137 2690 3881 2802 Imperatorcum

1209 2924 1217 2930 ⁶
1295 2820 1543 2905 omni
1587 2810 1990 2927 pedita'tu
2023 2807 2362 2907 vlturue
2402 2817 2558 2908 filii
2594 2843 2910 2905 necem
2950 2823 3320 2929 gradum
3371 2821 3805 2910 accelerat
3847 2877 3882 2928 ‚

1269 2948 1585 3058 ,impar
1623 2934 1924 3036 autem
1959 2949 2359 3035 ab⁴omni
2393 2971 2649 3058 parte
2690 2969 2786 3032 et
2830 2950 3278 3057 pugnandi
3323 2946 3668 3058 genere
3695 2951 3885 3038 elu-

1272 3079 1464 3180 sim,
1542 3072 1891 3162 sustinet
1925 3078 2547 3189 aliquantisper
2593 3076 2940 3163 hostem
2992 3131 3022 3182 ‚
3103 3078 3397 3166 donec
3445 3083 3887 3178 commit-

1296 3207 1560 3291 tendi
1616 3206 1931 3313 praelii
1969 3206 2326 3292 facultas
2368 3205 2599 3292 data.
2730 3207 2963 3291 Tum
3020 3207 3655 3315 ver0.Manu5‚
3729 3212 3885 3298 vbi

1290 3338 1762 3427 Romanos
1797 3359 2059 3442 aegre
2089 3337 2180 3420 se
2215 3357 2535 3421 contra
2574 3333 2953 3422 Parthos
2992 3334 3467 3426 defendere
3508 3340 3787 3444 videt,
3829 3365 3889 3428 α

1148 3489 1160 3499 ·
1288 3483 1560 3577 tergo
1601 3482 1969 3546 exortus
2003 3490 2199 3549 cum
2241 3464 2451 3566 (αἱς,
2520 3466 3182 3550 circumuentos
3222 3465 3312 3547 in
3348 3468 3654 3552 medio
3679 3494 3889 3556 cae-r

1289 3595 1421 3678 dit
1455 3612 1718 3704 atque
1761 3590 1921 3677 hac
1959 3591 2155 3678 illac
2179 3593 2291 3676 ad
2335 3617 2615 3702 opem
2646 3588 3203 3678 ferendamse
3224 3600 3887 3685 vertentesRo-·

1285 3748 1608 3805 manos
1644 3722 1885 3803 inter
1907 3722 2368 3830 ambiguos
2406 3720 2834 3808 tumultus
2871 3723 3211 3805 adeoin
3259 3724 3589 3806 arctum
3613 3749 3875 3808 com·

1281 3848 1582 3960 pellit,
1660 3868 1758 3931 vt
1804 3868 2001 3933 tota
2039 3853 2266 3932 acies
2299 3851 2459 3936 vix
2496 3861 3093 3934 commouere
3138 3849 3219 3934 sc
3257 3851 3577 3957 poffet.
3634 3853 3872 3941 Nox

1281 3979 1531 4062 caedi
1571 3979 2040 4063 Romanae
2073 3975 2347 4062 finem
2380 3979 2622 4064 fecit.
2696 3975 3036 4067 Crass‘us
3081 4000 3195 4061 ex
3231 3975 3425 4087 fuga
3451 3980 3869 4088 Carrhas,
3916 4059 3929 4064 -

1285 4126 1544 4216 atque
1595 4102 1797 4187 hinc
1851 4105 1946 4190 in
2020 4110 2551 4192 Armeniam
2587 4106 2675 4194 se
2713 4107 3199 4214 recipiens„
3267 4105 3564 4192 fraude
3606 4109 3872 4197 Sure-

1285 4234 1857 4344 nae‘capitur.
1990 4234 2422 4320 Praelium
2492 4233 3055 4320 commiss'um
3130 4236 3251 4322 est
3306 4235 3729 4351 μεσὲντος
3763 4236 3884 4326 τέ

1278 4359 1538 4477 Βέρες
1613 4418 1640 4466 ‚
1723 4363 2018 4447 media
2080 4366 2541 4471 aestate,vt
2593 4364 2783 4454 Dio
2819 4363 3137 4470 habet,
3219 4387 3475 4479 atque
3515 4386 3612 4452 vt
3652 4368 3873 4453 Oui·-
3968 4442 3999 4470 ,

1289 4492 1473 4579 dius
1505 4494 1599 4614 in
1636 4490 1902 4578 Fastis
1933 4491 2093 4580 VI.
2221 4494 2427 4583 Idus
2460 4495 2778 4585 Iunias.
2901 4497 3131 4583 ’Puta
3162 4496 3283 4585 A.
3329 4497 3447 4582 V.
3484 4496 3595 4586 C.
3636 4519 3875 4600 701.

2504 4691 2533 4704 -
3636 4625 3875 4725 Cum
