4559 5919
813 561 898 658 Ε
964 548 1413 659 NVMIS
1482 555 2385 659 ILLVSTRATAE
2453 561 2691 658 LIB.
2767 560 2944 658 IV.
3042 592 3232 676 215
3319 660 3328 683 Ι,

669 778 1085 892 tropolin
1118 782 1370 868 vrbes
1420 781 1981 887 contributae
2032 782 2598 892 reperiuntur
2675 840 2701 891 ,
2784 782 3177 881 Carrhae
3225 837 3253 887 ‚

588 988 595 995 .
668 908 1007 998 Batnae
1065 964 1091 1012 ,
1172 897 1705 999 Callinicum
1747 966 1773 1015 ‚
1851 908 2194 999 Birtha.
2395 910 2798 998 Birtham
2870 932 3080 1023 puta
3147 911 3257 994 il-

664 1039 847 1123 lam
885 1038 993 1122 ad
1024 1038 1371 1148 Tigrim
1455 1094 1484 1146 ,
1578 1062 1795 1150 quae
1815 1038 2328 1126 Adiabenae
2361 1040 2648 1125 vicina
2685 1038 2873 1126 fuit.
3008 1038 3256 1129 Rhe-

661 1166 989 1251 fainam
1022 1190 1364 1280 quoque
1405 1186 1496 1253 et
1535 1169 2043 1254 Himerium
2083 1167 2223 1252 sub
2265 1192 2368 1254 ea
2407 1169 2917 1280 metropoli
2956 1171 3255 1254 cense-

660 1295 741 1379 ri
771 1292 1066 1378 video.
1206 1293 1802 1404 Synecdemus
1836 1294 2276 1382 Hieroclis
2306 1352 2333 1401 ‚
2405 1294 2989 1416 (3)ἐπαρχῑα
3033 1298 3254 1382 Poe·-

660 1418 939 1533 em'nev
972 1423 1248 1523 (recte
1286 1423 1748 1509 Anselmus
1782 1423 2266 1511 Bandurius
2287 1422 2775 1536 Οσρωνῐνης)
2804 1416 2999 1510 ὑπὸ
3029 1420 3254 1541 ἥγε·

663 1545 890 1664 μόνα
928 1542 1194 1654 πόλεις
1251 1545 1378 1638 3‘.
1518 1550 1737 1637 Sunt
1779 1569 2075 1635 autem
2107 1550 2464 1655 Edessa,
2540 1551 3061 1639 Constantia
3084 1552 3257 1639 flue

659 1675 1686 1789 Tela‚'fheodofiopolis
1718 1683 2283 1792 (quamquam
2319 1702 2422 1762 ea
2459 1681 2760 1789 potius
2800 1682 2888 1767 in
2925 1686 3255 1767 Arme-

560 1916 567 1923 .
667 1805 809 1887 nia
844 1808 1389 1914 censebatur)
1424 1805 1820 1898 Carrhae
1856 1863 1881 1912 ,
1958 1807 2297 1895 Batnae
2340 1864 2366 1912 ,
2460 1809 2726 1895 Noua
2763 1808 3179 1894 Valentia
3216 1865 3249 1916 ,

658 1933 1269 2046 Leontopolis
1304 1962 1520 2050 quae
1568 1956 1657 2020 et
1689 1931 2142 2040 Καλλινίκη
2178 1992 2204 2040 ,
2283 1934 2623 2024 Birtha.
2790 1935 3254 2054 Επαρχῖοι

660 2058 1381 2180 Μεσοποταμίας
1408 2057 1607 2148 ὑπό
1649 2057 2054 2181 ἡγεμόνα
2090 2059 2334 2152 πόλιν
2364 2062 2421 2152 οὶ
2491 2059 2821 2178 Αμιδα.
2952 2066 3253 2153 Duces

661 2189 932 2298 igitur
986 2193 1162 2278 duo
1195 2192 1582 2297 fuerunt,
1642 2179 2087 2310 ἄρχοντας
2122 2212 2394 2278 vocat
2464 2193 2981 2278 Iustinianus
3047 2192 3239 2279 Im-

659 2340 1063 2430 perator,
1091 2327 1229 2441 (4)
1268 2319 1489 2405 alter
1520 2320 2026 2408 Osrhoenes
2059 2321 2298 2407 alter·
2327 2320 3075 2433 Mesopotamiae,
3095 2320 3247 2407 ille

658 2465 921 2534 tanto
969 2446 1381 2535 illustrior
1413 2506 1438 2557 ‚
1477 2469 1808 2562 quanto
1846 2450 2138 2535 maior
2179 2470 2440 2561 atque
2477 2449 2830 2535 firmior
2867 2450 3244 2560 prouin-

659 2578 792 2661 cia
824 2573 1285 2665 Osrhoene
1339 2599 1525 2662 erat
1563 2602 1582 2657 t
1654 2601 2044 2690 vterque
2087 2577 2222 2661 sub
2263 2579 2630 2668 Comite
2678 2577 3238 2686 orientis.Ad

661 2704 1025 2792 alendos
1059 2707 1387 2793 milites
1411 2707 2020 2818 praefidiarios
2053 2708 2501 2818 Vtriusque
2526 2708 2761 2790 ducis
2805 2707 3237 2814 descripta

656 2831 899 2921 fuere
948 2838 1304 2945 praedia
1340 2838 1544 2919 inde
1581 2859 1848 2948 vsque
1898 2835 1998 2919 ab
2036 2835 2561 2923 Alexandro
2602 2831 2964 2921 Seuero,
3099 2830 3244 2918 Sic

656 2964 958 3051 Aelius
989 2966 1546 3079 Lampridius
1582 2969 1671 3052 in
1707 2962 2229 3052 Alexandro
2254 3021 2278 3070 ‚
2335 2970 2474 3071 (5)
2514 2990 2963 3075 apponam
2994 2964 3232 3047 enim

656 3110 958 3178 totum
1000 3092 1299 3178 locum
1337 3149 1363 3199 ,
1447 3098 1640 3205 quia
1676 3093 1967 3201 legem
2002 3098 2654 3203 imperatorum
2700 3119 2954 3202 quam
3013 3116 3239 3177 mox

652 3221 1559 3329 subiungam‚mirifice
1599 3221 1959 3306 illustrat
2016 3246 2033 3297 t
2109 3217 2309 3305 Sola
2341 3246 2549 3333 quae
2581 3219 2671 3301 de
2704 3218 3047 3330 hostibus
3079 3242 3225 3336 ca-

639 3342 1055 3461 pulsant,
1133 3346 1571 3435 limitanei.-
1612 3345 1939 3433 ducibus
1972 3362 2053 3431 et
2095 3345 2483 3432 militibus
2517 3348 2875 3452 donauit,
2903 3351 3029 3430 ita
3113 3347 3218 3428 ω

654 3497 929 3561 eorum
965 3481 1092 3560 ita
1121 3473 1355 3590 effent
1384 3533 1410 3581 ,
1462 3478 1554 3588 st
1575 3475 1906 3562 heredes
1943 3476 2264 3567 illorum
2305 3477 2766 3561 militarent
2798 3532 2822 3581 ‚
2877 3500 3011 3557 nec
3043 3499 3230 3557 vm-

654 3629 902 3717 quam
942 3604 1056 3686 ad
1073 3609 1463 3716 priuatos
1482 3609 2002 3714 pertinerent
2092 3660 2114 3707 ,
2196 3604 2465 3687 dicens
2563 3660 2586 3704 ,
2666 3604 3068 3688 attentius
3102 3627 3235 3684 eos

653 3734 1213 3838 militaturos,
1275 3734 1364 3846 fi
1385 3731 1629 3816 etiam
1642 3725 1801 3846 sua
1850 3755 2069 3816 rura
2118 3727 2624 3844 defenderent
2664 3766 2682 3817 ι
2756 3731 3072 3815 addidit
3085 3723 3230 3843 sa-

652 3885 747 3945 ne
775 3860 1023 3947 his'et
1053 3861 1443 3946 animalia
1471 3875 1549 3944 et
1558 3852 1844 3975 seruos
1888 3917 1912 3966 ‚
1990 3874 2092 3944 vt
2128 3855 2430 3976 poffent
2456 3857 2716 3945 colere
2748 3858 2969 3974 quod
2997 3886 3230 3945 acce-

640 4001 997 4100 perant:
1070 4015 1165 4074 ne
1182 4006 1339 4101 per
1370 3992 1714 4099 inopiam
1749 3987 2148 4073 hominum
2183 3986 2324 4072 vel
2343 4005 2503 4101 per
2508 3981 2986 4101 senectutem
3030 4004 3260 4100 pos-·

570 4143 577 4150 ·
633 4115 1068 4233 fidentium
1126 4110 1684 4230 desererentur
1713 4143 1932 4204 rura
1966 4119 2243 4203 vicina
2276 4112 2754 4203 barbariae.
2957 4121 3235 4222 Recte

2992 4247 3063 4332 C
3077 4271 3224 4327 au-

647 4501 749 4582 (5)
796 4521 848 4566 c.
896 4506 991 4575 58.
1035 4501 1184 4561 Sola
1216 4517 1342 4562 cum
1366 4501 1514 4560 dicit
1538 4539 1558 4573 ‚
1620 4514 1768 4577 puto
1810 4515 1843 4554 a
1869 4500 1989 4572 1010
2029 4495 2427 4555 multitudinis
2461 4510 2707 4551 numero
2754 4506 3090 4571 quamquam
3130 4508 3235 4549 m..

647 4583 866 4652 usitato
890 4583 1090 4647 dicere
1118 4634 1142 4665 ,
1187 4593 1417 4652 terras.
1478 4581 1753 4660 Terras,
1789 4597 1933 4658 quae
1985 4583 2060 4645 de
2102 4576 2351 4650 hostibus
2418 4587 2620 4655 captae
2653 4573 2801 4649 June.
