4559 5919
1300 556 1414 644 τε
1776 524 2483 643 HISTORIAE
2561 537 3312 648 OSRHOENAE

1294 756 1778 852 indictione
1820 763 2185 849 secunda
2211 815 2237 865 ‚
2268 760 2604 871 iignum
2624 762 2990 848 incaelo
3014 754 3501 870 apparuisse
3535 755 3627 839 in
3640 754 3840 866 spe-

1291 892 1521 975 ciem
1559 891 1894 996 hastae,
1975 890 2100 975 die
2129 892 2409 1003 quinto
2452 881 2838 1002 Testhrin
2860 890 3190 1001 prioris
3231 939 3259 990 ‚
3333 887 3657 974 eodem
3681 909 3834 968 an·-

1290 1042 1414 1102 no
1456 1020 1783 1105 bellum
1821 1018 2245 1105 Persicum
2286 1038 2706 1105 exortum
2744 1017 3040 1101 mense
3109 1012 3266 1100 lor
3301 1039 3318 1092 ι
3370 1031 3837 1121 Vtrumque

1285 1146 1508 1230 item
1543 1171 1777 1231 anno
1817 1146 2067 1231 XIII.
2106 1145 2554 1229 Iustiniani
2590 1143 3020 1229 adscribit.
3152 1144 3348 1227 Hoc
3388 1141 3638 1228 nobis
3676 1163 3834 1222 ne·
3911 1236 3920 1237 f

1285 1274 1635 1380 gotium
1660 1272 2082 1357 facescere
2110 1271 2435 1379 potest,
2480 1268 2538 1354 fi
2573 1269 3159 1359 Edess’eniisto
3200 1272 3514 1379 quinto
3556 1267 3835 1352 octo-

1282 1400 1456 1484 bris
1495 1426 1819 1484 annum
1850 1400 2086 1484 suum
2136 1407 2181 1480 8
2204 1423 2325 1501 50
2370 1397 2645 1482 adhuc
2682 1419 3086 1505 egerunt.
3306 1398 3540 1484 Nam
3572 1398 3684 1482 A.
3724 1395 3836 1483 C.

1291 1534 1515 1632 538.
1555 1527 1624 1611 is
1677 1551 1946 1609 annus
1988 1533 2174 1627 850
2217 1526 2416 1610 iniit
2459 1550 2506 1606 a
2538 1525 2727 1613 Kal.
2749 1522 3269 1612 Octobribus
3294 1578 3320 1626 ,
3402 1547 3514 1607 ex
3542 1522 3834 1608 nostra

1282 1655 1709 1739 sententia
1745 1687 1764 1740 ;
1831 1655 2197 1739 indictio
2238 1642 2600 1739 secunda
2640 1654 2951 1760 coepit
2988 1675 3032 1734 a
3065 1648 3249 1735 Kal.
3279 1649 3833 1761 Septembri-

1287 1782 1436 1865 bus
1471 1784 1581 1866 A.
1647 1780 1750 1868 C.
1801 1805 1915 1887 53
1934 1812 2023 1886 9.
2158 1783 2269 1866 A.
2338 1788 2524 1887 850
2565 1779 3005 1868 Edeffeno
3045 1799 3517 1885 vergente:
3560 1802 3836 1863 annus
3987 1834 3992 1839 »

1282 1904 1546 1993 XIII.
1570 1908 2016 1994 Iustiniani
2050 1910 2159 1993 A.
2188 1909 2292 1997 C.
2325 1932 2370 2013 5
2395 1938 2441 2016 3
2458 1939 2551 2016 9.
2597 1936 2645 1993 a
2678 1909 2862 2010 Kal.
2907 1909 2988 1992 A
2999 1905 3382 2015 prilibuS.
3512 1906 3628 1993 Et
3648 1901 3834 1989 bel-

1134 2034 1147 2041 ‘
1275 2033 1465 2120 lum
1496 2035 1926 2121 Persicum
1963 2054 2266 2120 tamen
2304 2037 2638 2145 gestum
2674 2039 2788 2122 est
2826 2039 2939 2122 A.
2964 2034 3067 2122 C.
3117 2057 3339 2141 540.
3490 2033 3830 2119 Proco-

1285 2164 1476 2271 pius
1512 2164 2085 2252 Caesariensis
2120 2169 2254 2268 (2)
2291 2166 2558 2249 tradit
2650 2218 2676 2267 ,
2759 2162 3230 2251 Chosroen
3277 2164 3586 2246 exacto
3629 2184 3832 2243 cum
3965 2170 3974 2179 '

1283 2289 1611 2396 hyeme
1656 2291 2011 2374 decimo
2054 2291 2328 2375 tertio
2372 2316 2607 2374 anno
2677 2289 3124 2374 Iustiniani
3174 2344 3199 2396 ,
3274 2289 3832 2397 prim0.vere

1281 2418 1971 2526 expeditionem
2039 2416 2480 2524 suscepiffe
2535 2471 2559 2520 ,
2643 2440 2824 2500 non
2867 2419 2990 2499 ita
3038 2413 3325 2500 multo
3371 2432 3574 2496 ante
3609 2436 3836 2525 vem

1283 2565 1712 2628 cometen
1787 2544 1954 2626 effe
1993 2545 2264 2628 visum
2304 2599 2329 2648 ,
2403 2569 2666 2652 quem
2703 2542 2850 2626 alii
2881 2568 3079 2627 cum
3120 2541 3417 2650 gladio
3459 2563 3832 2650 compa·

1283 2690 1583 2753 rantes
1617 2660 1948 2778 ξιφίαν,
1971 2669 2116 2757 alii
2152 2699 2199 2755 a
2237 2671 2551 2756 barbae
2588 2671 2875 2757 forma
2907 2665 3347 2783 πωγωνίαν
3385 2693 3832 2778 nuncupa·

1279 2798 1491 2884 rint.
1623 2803 1763 2903 (3)
1874 2797 2048 2883 Sed
2100 2797 2593 2883 manifestus
2651 2825 2908 2885 error
2963 2797 3388 2883 hocloco
3427 2794 3837 2880 chronici

1284 2920 1695 3011 Edeffeni
1763 2924 2142 3035 irrepfit.
2350 2928 2587 3012 Nam
2638 2952 2812 3037 pro
2851 2950 3087 3011 anno
3125 2923 3560 3013 Edeffeno
3610 2931 3834 3028 850.

1285 3076 1461 3161 quo
1522 3069 1611 3134 et
1666 3072 2064 3137 cometes
2106 3057 2512 3162 apparuit
2594 3076 2683 3138 et
2722 3055 3049 3162 bellum
3087 3054 3519 3140 Persicum
3560 3075 3834 3137 exor-

1286 3199 1478 3263 tum
1517 3180 1631 3263 est
1665 3236 1688 3283 ‚
1760 3178 2006 3264 scribi
2050 3181 2343 3264 debuit
2373 3190 2481 3285 85
2513 3212 2592 3264 1.
2634 3171 2786 3293 qui
2813 3169 3080 3267 annus
3112 3184 3315 3267 iniit
3353 3185 3454 3268 A·
3488 3180 3833 3287 C.539.

1282 3303 1472 3392 Kal.
1496 3306 2049 3410 OstobribUS,
2077 3312 2197 3391 ita
2233 3331 2330 3393 vt
2383 3312 2771 3393 maxima
2811 3313 2988 3394 eius
3027 3337 3224 3417 pars
3265 3310 3469 3393 anni
3514 3332 3832 3416 proce·-

1286 3435 1540 3518 deret
1582 3436 1690 3518 A.
1736 3433 1841 3518 C.
1886 3459 2107 3542 540·
2187 3436 2497 3545 Neque
2549 3435 3034 3543 ignorauit
3064 3433 3292 3522 hunc
3331 3460 3642 3520 verum
3673 3441 3837 3519 'an-

1286 3585 1501 3643 num
1544 3559 1977 3648 Chronici
2019 3564 2321 3646 auctor
2364 3616 2388 3665 ,
2470 3565 2612 3672 qui
2649 3565 2952 3672 paullo
2997 3585 3203 3648 ante
3243 3564 3619 3664 dixerat,
3681 3584 3836 3670 pa-

1288 3711 1488 3769 cem
1544 3715 1589 3771 a
1654 3686 2013 3774 Ruffino
2064 3690 2441 3775 Patritio
2479 3690 2962 3776 conflatam
2999 3718 3261 3802 vsque
3301 3691 3409 3774 ad
3449 3696 3555 3775 A.
3607 3697 3717 3791 85
3746 3716 3831 3774 1.

1279 3812 1706 3898 seruatam
1741 3812 2005 3898 fuisse.
2138 3815 2328 3899 Iam
2367 3817 2472 3899 de
2510 3818 2989 3902 indictione
3030 3818 3394 3904 secunda
3431 3818 3661 3902 reste
3683 3815 3838 3899 ha·

1284 3939 1713 4041 bet‚cuius
1749 3967 1948 4049 pars
1989 3966 2185 4026 cum
2213 3965 2628 4027 extremo
2669 3945 2958 4027 mense
3000 3947 3110 4030 A.
3166 3953 3383 4047 850.
3430 3943 3834 4055 quodre-

1291 4064 1617 4177 liquum
1663 4064 1852 4170 fuit,
1904 4095 2103 4154 cum
2142 4096 2373 4154 anno
2420 4078 2527 4174 85
2559 4100 2634 4152 1.
2675 4072 3128 4156 coincidit.
3264 4074 3558 4157 Etiam
3582 4072 3835 4163 XIII.

1292 4217 1556 4281 annus
1627 4195 2075 4285 Iustiniani
2115 4199 2420 4285 adhuc·
2430 4199 2978 4314 procedebat
3013 4202 3125 4286 A.
3181 4207 3225 4282 8
3247 4222 3292 4311 5
3321 4229 3400 4285 1.
3444 4225 3638 4289 cum
3670 4221 3829 4282 co-

3645 4351 3840 4413 me·-

1455 4616 1550 4700 (2)
1637 4623 1712 4684 de
1750 4626 1824 4710 3,·
1866 4631 1934 4697 P·
1979 4649 2044 4712 P·
2085 4648 2195 4717 97.
2277 4638 2372 4723 (3)
2451 4640 2793 4730 Procopius
2839 4647 2912 4712 de
2959 4644 3031 4714 B.
3076 4649 3155 4718 Ρ.
3200 4669 3264 4735 p.
3304 4657 3408 4736 95·
