4559 5919
890 589 977 687 E
1051 580 1498 687 NVMIS
1582 570 2480 676 ILLVSTRATAE
2538 573 2780 673 LIB.
2851 575 3047 667 111.
3127 600 3321 687 '159
3420 668 3427 674 .

766 811 1000 899 hunc
1033 827 1396 894 numum
1430 830 1452 890 e
1522 795 1852 888 Lucilla
1862 788 2143 910 fi’dcn's
2181 791 2494 883 dextra
2501 788 2774 906 spicas
2797 847 2824 898 ,
2900 792 3134 881 laeua
3182 789 3334 877 ha-

745 941 966 1056 stam
994 950 1298 1052 puram
1334 941 1558 1015 tenet
1589 962 1620 1016 ι
1686 923 2191 1013 Parthorum
2219 949 2388 1012 rex
2429 928 2773 1011 amicum
2802 916 2892 1035 fi·
2927 921 3338 1013 Romano-

767 1090 959 1177 rum
1001 1119 1027 1171 ‚
1105 1084 1252 1148 non
1286 1057 1565 1146 iisdem
1574 1050 2020 1175 subiectum
2056 1068 2138 1138 et
2169 1053 2648 1157 obnoxium,
2718 1050 2945 1136 dicit.
3031 1051 3203 1140 Sed
3238 1064 3339 1134 vt

765 1195 1257 1285 Harduinus
1288 1189 1541 1274 ludos
1593 1187 1863 1272 etiam
1896 1189 1988 1271 in
2023 1183 2200 1269 hoc
2236 1209 2513 1269 numo
2565 1180 2822 1286 facit,
2895 1181 3020 1271 ita
3064 1166 3339 1267 velim

768 1319 1360 1410 animaduerti
1397 1372 1422 1422 ‚
1497 1317 1938 1403 Ioannem
1979 1315 2458 1400 Valentem
2495 1335 2810 1397 numos
2851 1334 3165 1399 omnes
3204 1310 3338 1395 ni·

771 1452 1049 1537 mium
1100 1447 1544 1554 elegantes
1617 1447 2110 1554 producere
2163 1497 2189 1547 ‚
2274 1468 2462 1527 non
2509 1440 3024 1529 imitatione
3072 1464 3339 1538 vera,

763 1578 913 1662 sed
949 1600 1063 1663 ex
1094 1577 1460 1685 ingenio
1500 1591 1588 1655 et
1627 1592 1819 1656 arte
1853 1569 2376 1680 descriptos.
2505 1569 2753 1676 Ergo
2793 1568 3068 1657 tiarae
3101 1628 3126 1678 ‚
3198 1566 3349 1685 qui

769 1707 863 1790 in
919 1703 1045 1791 his
1103 1706 1433 1788 duobus
1484 1701 1764 1785 numis
1811 1699 2445 1785 abhorrentem
2485 1721 2532 1780 a
2581 1698 2902 1783 ceteris
2956 1682 3346 1785 formam

769 1832 1200 1933 exhibent
1244 1826 1286 1936 ‚'
1351 1827 1569 1915 nihil
1605 1829 1803 1912 veri
1837 1825 2154 1913 habere
2194 1828 2630 1910 videntur.
2684 1836 2691 1842 ’
2764 1826 3157 1913 Numum
3194 1852 3343 1909 au·

773 1980 961 2047 tem
1036 1959 1345 2046 Manui
1415 1954 2087 2043 Philorhomaei
2149 1956 2452 2040 Petrus
2527 1943 2955 2061 Seguinus‘
2984 2009 3012 2058 ,
3120 1955 3348 2041 istius

776 2086 1090 2191 Mani,
1183 2112 1446 2198 quem
1497 2083 1690 2170 Dio
1744 2079 2061 2171 Cass‘ms
2110 2082 2384 2165 tradit
2431 2081 2815 2166 Traiano
2866 2084 3345 2192 suspec'tum

778 2213 1017 2300 fuisse
1058 2269 1084 2316 ‚
1161 2214 1403 2324 quod
1456 2213 1565 2295 ad
1611 2213 2283 2320 Imperatorem
2327 2220 2696 2293 vocatus
2740 2234 2924 2292 non
2991 2214 3344 2297 veniret

773 2361 872 2425 et
925 2342 1393 2428 Adiabeno
1450 2336 1770 2422 auxilia
1840 2339 2246 2421 mitteret
2309 2389 2335 2439 ,
2426 2334 2604 2419 fiue
2652 2335 2847 2419 filio
2906 2338 3343 2441 attribuit,

779 2468 955 2552 siue
1007 2472 1354 2579 nepoti.
1460 2468 1707 2553 Hanc
1775 2465 2307 2574 opinionem
2359 2464 2871 2571 Laurentius
2921 2467 3341 2575 BegeruS,

779 2621 987 2681 nam
1021 2600 1091 2681 is
1108 2618 1452 2709 quoque
1486 2616 1846 2677 numum
1880 2617 1929 2675 e
1961 2614 2170 2703 gaza
2202 2590 2477 2700 Regis
2492 2590 2854 2677 Pruffiae
2888 2596 3350 2703 produxit,
3479 2673 3492 2691 ,

774 2729 949 2831 (2)
1021 2725 1334 2835 cupide
1370 2721 1827 2831 amplexus
1863 2774 1888 2824 ‚
1968 2721 2402 2807 Cererem
2458 2720 3100 2830 interpretatur
3151 2750 3347 2811 mu-

709 2844 717 2855 ’
777 2854 1090 2939 liet-em
1126 2878 1323 2939 cum
1359 2848 1592 2934 hasta
1623 2872 1840 2959 pura
1894 2867 1983 2931 et
2042 2846 2357 2930 duabus
2406 2843 2663 2957 spicis
2712 2849 3167 2937 sedentem
3206 2873 3341 2936 at·

777 3007 947 3092 que
984 2985 1312 3066 eodem
1350 2979 1623 3064 trahit
1661 2978 1994 3065 Dionis
2029 2976 2632 3064 testimonium
2671 3034 2698 3081 ‚
2762 2980 2879 3064 L.
3005 2982 3344 3066 Verum

785 3110 1160 3194 defidiae
1201 3133 1511 3194 amore
1547 3106 1775 3215 apud
1808 3104 2393 3193 Antiochiam
2429 3127 2635 3189 cum·
2665 3103 2997 3192 Lucilla
3044 3108 3345 3217 eglise,

783 3263 984 3323 cum
1021 3262 1159 3323 res
1196 3255 1514 3320 contra
1559 3230 1925 3319 Parthos
1962 3239 2010 3317 a
2056 3230 2362 3338 legatis
2413 3253 2930 3340 gererentur
2985 3290 3011 3339 ‚
3150 3235 3355 3320 huic

789 3386 1086 3454 autem
1156 3361 1685 3474 turpitudini
1759 3356 2368 3444 velamentum
2473 3359 2981 3467 imposuisse
3052 3389 3353 3449 curam

790 3501 1341 3578 commeatus
1378 3546 1402 3595 ,
1481 3515 1734 3600 quam
1773 3487 2266 3596 susceperit.
2402 3483 2702 3593 Igitur
2752 3516 2949 3574 cum
2990 3492 3358 3578 Manuus

793 3619 1249 3707 frumento
1288 3637 1378 3700 et
1436 3618 1687 3701 omni
1733 3635 2243 3698 commeatu
2297 3610 2783 3700 subuenerit
2820 3671 2847 3720 ,
2949 3645 3047 3702 ea
3081 3621 3358 3708 cauffa

788 3747 1209 3837 Lucillam
1247 3745 1472 3831 hunc
1529 3743 1765 3828 numi
1819 3741 2132 3851 fignati
2182 3740 2630 3826 honorem
2667 3745 2748 3826 ei
2780 3743 3155 3832 habuilse
3191 3776 3355 3859 pu·-

793 3898 926 3963 tat
1024 3877 1441 3987 BegeruS.
1644 3872 1927 3957 Paene
2029 3869 2247 3954 mihi
2346 3870 2807 3977 persuadet
2929 3874 3158 3961 suam
3259 3898 3351 3963 et

801 4004 1156 4113 Seguini
1231 4002 1751 4092 sententiam
1823 4053 1850 4105 ‚
1969 3994 2076 4085 vt'
2139 3998 2364 4084 hunc
2422 4023 2785 4086 numum
2849 4056 2874 4104 ‚
2987 4033 3245 4116 quem
3303 4000 3465 4096 eT·
3509 4001 3627 4069 lv·

793 4131 1149 4239 Begero
1193 4156 1559 4240 appono
1587 4184 1612 4230 ,
1693 4127 2010 4214 ceteris
2047 4128 2329 4212 numis
2364 4130 2918 4237 Abgarorum
2957 4136 3355 4220 inseram.
3479 4095 3540 4157 ς’

791 4259 1463 4346 Tantummodo
1495 4260 1588 4342 in
1638 4253 1814 4340 hoc
1870 4281 2211 4371 quoque
2263 4259 2869 4342 num0.nimia
2918 4261 3361 4372 elegantia

3170 4417 3359 4481 non

967 4705 1143 4800 (a)
1204 4707 1282 4773 τ.
1335 4708 1413 4773 n.
1456 4724 1518 4787 p.
1560 4703 1718 4786 67⁸.
