4559 5919
1301 600 1425 689 2⁸
1859 578 2566 681 mSwRIAE
2629 575 3412 679 OSRHOENAE
3449 674 3458 683 ,
3579 598 3608 683 'T
3719 496 3736 507 ⁸

1290 750 1697 927 ueniret,
1780 802 1935 894 nifi
1983 801 2338 891 nostrae
2405 797 2823 889 rationes
2860 797 3297 889 valerent.
3459 793 3635 890 Sed
3667 797 3867 912 plus

1295 933 2061 1021 confirmabuntur
2098 936 2189 1021 in
2225 929 2687 1045 progreffu
2725 930 3055 1042 operis·
3194 927 3886 1019 ChroniconE-.

1302 1064 1753 1150 deffenum
1793 1069 1915 1151 ait
1954 1097 1973 1153 ε
2047 1068 2255 1171 (10)
2287 1085 2487 1146 anno
2535 1090 2573 1143 1
2599 1067 2752 1145 80.
2797 1065 3172 1173 incepere
3206 1083 3472 1170 reges,
3509 1057 3860 1174 quisue-

1295 1218 1396 1285 re
1427 1187 1786 1307 Edeffae.
1991 1195 2234 1280 Haec
2297 1190 2416 1277 est
2479 1187 2984 1277 differentia
3008 1214 3449 1274 annorum
3479 1211 3865 1302 quatuor

1297 1342 1390 1406 et
1428 1323 1827 1431 amplius,
1965 1322 2189 1406 Orta
2223 1347 2339 1407 ex
2373 1344 2488 1405 eo
2531 1318 2883 1405 videtur
2932 1373 2959 1426 ‚
3036 1319 3278 1431 quod
3329 1318 3483 1403 sub.
3525 1321 3709 1405 eius
3758 1317 3864 1403 fi-

1296 1474 1507 1536 nem
1548 1449 2041 1536 anniAbdo
2075 1450 2228 1534 bar
2269 1448 2577 1534 Mazur
2612 1447 3364 1592 regngecoepit.
3533 1447 3724 1534 Iam
3759 1470 3861 1534 vt

1298 1578 1530 1690 apud
1560 1582 2030 1669 Romanos
2080 1577 2231 1662 alii
2261 1575 2440 1661 alio
2483 1602 2531 1659 3
2562 1576 2919 1659 cardine
2950 1576 3862 1684 ImperatorumCae·

1296 1706 1579 1794 sarum
1618 1732 1894 1792 annos
1931 1724 2400 1792 numerant
2431 1759 2457 1809 ,
2511 1704 2674 1789 seu
2713 1731 2762 1788 3
2802 1706 2875 1793 C
2892 1767 2907 1788 .
2941 1701 3174 1789 Iulio
3203 1704 3585 1815 Caes-ate
3610 1761 3635 1809 ‚
3716 1705 3863 1789 seu

1300 1837 1405 1922 ub
1440 1835 1928 1949 OCtauizjmo
1973 1888 1998 1940 ‚
2079 1836 2205 1921 ita
2245 1857 2433 1917 non
2470 1832 2589 1918 est
2628 1836 3002 1937 mirum,
3028 1831 3088 1916 fi
3127 1833 3229 1917 ab
3272 1831 3562 1920 altero
3605 1859 3855 1945 rege,

1297 1965 1445 2078 qui
1485 1967 1818 2074 primus
1864 1989 2238 2076 regnum
2271 1961 2799 2050 Edeffenum
2840 1965 2940 2045 ab
2973 1961 3335 2047 Orthoe
3367 1962 3863 2048 institutum

1299 2091 1872 2181 confirmauit
1910 2148 1936 2197 ‚
2018 2091 2555 2182 Chronicon
2588 2093 2942 2202 incipit,
3024 2094 3471 2202 tamquam
3494 2092 3597 2176 ab
3635 2093 3890 2177 alte-·

1294 2248 1403 2312 to
1457 2244 1834 2332 parente
1873 2222 2099 2307 illius
2137 2219 2700 2331 reipublicae.
2833 2219 3056 2306 Dixi
3091 2219 3554 2305 Eusebium
3578 2245 3860 2309 annos

1298 2349 1711 2438 Abrahae
1743 2376 2003 2436 more
2036 2347 2826 2438 Antiochenorum
2861 2368 2952 2433 et
2989 2346 3682 2435 Caesarienfium
3715 2375 3868 2436 or·

1303 2480 1479 2566 diri
1512 2507 1560 2564 3
1596 2479 2372 2581 Kal.Oc'tobribuS‚
2440 2501 2659 2586 quae
2697 2495 2887 2560 tum
2923 2476 3160 2562 ratio
3199 2476 3685 2562 obtinebat.
3714 2477 3859 2566 Sic

1297 2605 1477 2695 sme
1501 2606 1767 2694 dubio
1790 2602 2587 2715 etiamDionyfiuS.
2633 2606 2760 2694 At
2779 2629 2980 2690 cum
3017 2603 3258 2689 idem
3295 2630 3573 2693 annos
3588 2606 3858 2693 Edes-

1302 2735 1563 2822 senos
1600 2756 1808 2826 ante
1833 2734 2276 2839 Christum
2322 2753 2623 2820 natum
2664 2735 2914 2818 annis
2960 2731 3372 2822 Abrahae
3412 2738 3859 2840 enunciat,
3893 2726 3900 2734 ’

1299 2864 1681 2975 sequitur
1713 2863 2077 2951 illorum
2118 2865 2473 2948 initium
2497 2918 2525 2969 ‚
2599 2883 2699 2948 vt
2737 2883 2928 2949 tum
2961 2855 3198 2947 fu'iss‘e
3235 2862 3483 2975 supra
3503 2865 3856 2973 monui,

1301 2992 1477 3080 effe
1517 2993 2009 3080 ducendum
2045 2993 2151 3077 ab
2176 2990 3036 3104 initio-Septembris
3064 2991 3412 3094 Iuliani.

1458 3241 1463 3250 ’
1544 3251 1752 3340 VII.
1880 3250 2029 3340 De
2065 3248 2207 3337 his
2234 3251 2664 3363 quaedam
2699 3250 3270 3338 commodius
3304 3251 3607 3361 postea
3644 3275 3851 3361 per-

1296 3372 1755 3490 sequemur
1777 3407 1833 3486 ‚⁸
1882 3406 2107 3466 nunc
2146 3381 2388 3465 enim
2443 3432 2470 3485 ‚
2545 3404 2770 3492 quae
2815 3376 3080 3463 facies
3105 3379 3584 3466 Edeffenae
3616 3379 3861 3465 vrbis

1291 3507 1436 3594 sub
1476 3505 1951 3598 Seleucidis
1980 3507 2245 3594 filei-it
2332 3561 2364 3612 ,
2451 3531 2671 3620 quae
2702 3506 3152 3594 condendi
3183 3510 3433 3621 regni
3468 3509 3858 3615 occano,

1298 3639 1453 3747 qui
1482 3660 1781 3726 motus
1805 3695 1840 3745 ,
1912 3659 2004 3724 et
2036 3661 2259 3750 quae
2289 3637 2478 3722 sunt
2532 3662 2646 3724 ex
2684 3660 2798 3720 eo
2832 3660 3167 3746 genere
3203 3637 3375 3722 alia
3456 3696 3483 3747 ‚
3558 3637 3852 3749 expli-

1297 3764 1585 3849 canda
1619 3785 1913 3853 erunt.
2109 3764 2261 3853 Est
2314 3785 2612 3851 autem
2658 3764 2973 3851 Edess'a
3013 3764 3160 3849 sub
3194 3762 3850 3852 Seleucidarum

1297 3879 1699 4002 imperto
1764 3919 2037 4006 vsque
2084 3893 2199 3977 ad
2248 3913 2711 3980 extremos
2749 3894 2932 3976 eius
2979 3893 3233 4000 regui
3263 3890 3494 3978 casus
3534 3895 3852 3982 cadem

1301 4016 1663 4107 fortuna
1694 4024 1834 4108 vsa
1854 4077 1891 4128 ,
1956 4047 2176 4134 quae
2208 4023 2492 4126 totius
2525 4019 3245 4131 Mesopotamiae
3283 4018 3480 4106 fuit.
3601 4026 3719 4113 Et
3758 4047 3858 4106 e-

1297 4168 1445 4237 tat
1498 4151 1603 4234 ab
1666 4149 2048 4239 Seleuco
2097 4151 2539 4237 NIcatore
2589 4173 2864 4260 vsque
2896 4147 3004 4234 ad
3036 4148 3597 4237 Antiochum
3637 4153 3851 4240 Ma-

1299 4298 1573 4394 gnum
1602 4301 1657 4365 a
1690 4279 1827 4371 M.
1862 4281 2165 4371 Acilio
2189 4280 2412 4371 Cos.
2438 4279 2768 4371 victum
2804 4278 2916 4365 ad
2944 4277 3025 4364 T
3029 4275 3640 4392 hennopstae,
3660 4303 3854 4364 ma·-

2291 4438 2300 4444 ·
3577 4429 3861 4523 gnum

1388 4843 1397 4848 ι
1459 4735 1525 4818 (ι
1537 4735 1619 4816 0)
1657 4753 1723 4822 p·
1735 4737 1877 4819 3880
