4559 5919
833 533 950 640 E
991 533 1444 649 mmm
1506 454 2439 647 rama-naun
2476 531 2722 635 mn.-
2783 442 2990 633 ἰν.
3043 468 3293 661 '245

502 742 513 749 ’
696 758 919 849 dem
987 763 1078 850 in
1145 758 1523 849 modum
1591 756 2031 849 Christum
2085 754 2450 847 effatum
2504 752 2790 862 fuiffe,
2852 778 2998 842 aut
3081 759 3287 844 scri-

678 889 1013 1001 ‚pfiffe‚
1086 890 1575 1004 Procopius
1648 886 2148 999 persuaderi
2212 885 2365 972 fibi
2470 912 2659 973 non
2768 886 2888 971 est
2961 886 3286 996 passm,

698 1037 1108 1105 attamen
1233 1043 1336 1105 ea
1441 1014 1878 1132 persuasio
1986 1016 2324 1103 credita
2421 1019 2700 1127 vulgo
2803 1017 3290 1103 celebrata·

707 1170 916 1257 que,
994 1149 1344 1235 animos
1427 1146 1876 1237 Edess'enis
1959 1144 2602 1258 saepenumero
2679 1160 2997 1231 contra
3083 1145 3289 1230 Per-

723 1275 852 1368 sas
920 1273 1164 1362 fecit.
1304 1277 1761 1367 Namanes
1833 1275 2134 1388 paullo
2210 1273 2410 1386 post
2450 1297 2568 1361 ex
2617 1276 3013 1380 vulnere,
3051 1276 3295 1387 quod

662 1403 802 1507 ‚in
839 1404 1266 1494 conflifflr
1339 1422 1804 1518 acceperat
1851 1459 1879 1510 ‚
1994 1402 2345 1490 deceffit
2386 1435 2407 1490 ε
2520 1402 2915 1493 Cauades
2991 1423 3292 1491 autem

692 1530 918 1619 Tela
954 1535 1069 1623 A.
1184 1533 1289 1624 C.
1412 1560 1600 1644 503
1667 1530 2253 1645 nequidquam
2295 1550 2672 1638 tentata,
2720 1535 2827 1617 ad
2856 1529 3290 1621 Galabum

696 1657 1067 1752 fluuium
1108 1714 1137 1766 ‚
1212 1687 1477 1774 quem
1517 1666 1792 1750 etiam
1832 1661 2205 1750 Medum
2243 1659 2807 1773 appellabant
2839 1717 2864 1767 ‚
2935 1661 3122 1750 dies
3152 1662 3289 1746 vi-

691 1790 930 1900 ginti
985 1790 1367 1877 militem
1414 1795 1509 1882 in
1541 1791 1832 1879 castris
1885 1791 2362 1876 continuit.
2491 1789 2899 1876 Edess'eni
2951 1788 3094 1872 sub
3135 1790 3294 1877 ad-

570 1924 589 1937 '
696 1937 1069 2010 uentum
1108 1918 1377 2004 hostis
1414 1921 1572 2007 VI.
1616 1919 2168 2031 Septembris
2204 1917 2673 2002 suburbana
2711 1917 3281 2024 monasteria,

693 2043 1086 2160 hospitia
1143 2102 1172 2157 ‚
1283 2049 1586 2135 vineas
1641 2048 2141 2160 hortosque
2180 2045 2380 2155 solp
2437 2062 2809 2157 aequant
2850 2101 2876 2151 ‚
2992 2043 3291 2134 Salam

693 2199 1024 2290 pagum
1058 2232 1088 2285 ,
1159 2177 1307 2290 qui
1350 2181 1625 2265 etiam
1656 2175 2004 2290 Negbat
2026 2232 2055 2284 ‚
2115 2175 2600 2260 incendunt
2639 2229 2665 2278 ‚
2713 2176 3078 2261 moenia
3119 2202 3290 2262 no-

592 2386 601 2395 ,
693 2308 833 2393 uis
869 2307 1447 2393 munimentis
1486 2304 1876 2393 firmant.
2045 2306 2391 2425 Quarto
2470 2304 2668 2416 post
2709 2302 2847 2390 die
2888 2300 3291 2397 Cubades

696 2434 812 2520 ad
847 2436 1467 2524 Areobindum
1508 2434 1738 2523 mifit
1782 2490 1808 2539 ‚
1852 2453 1950 2518 vt
1996 2435 2136 2519 seu
2194 2432 2819 2533 Marbazanem
2867 2433 2975 2519 ad
3012 2430 3097 2517 se
3138 2459 3291 2519 τοι

686 2536 1040 2674 ciperet
1079 2564 1172 2651 in
1242 2565 1554 2659 vrbem
1597 2617 1625 2668 ‚
1739 2562 1878 2649 seu
1918 2563 2099 2672 ipse
2152 2565 2261 2656 ad
2336 2564 2882 2675 colloquium
2961 2564 3282 2649 exiret.

686 2688 1109 2787 Alterum
1174 2692 1452 2778 visum
1528 2692 1648 2778 est
1685 2690 2185 2777 consultius·
2352 2691 2638 2801 Igitur
2712 2691 3304 2779 Areobindus‘

693 2820 808 2906 ad
841 2820 1156 2907 aedem
1194 2817 1477 2931 Sergii
1509 2819 1927 2932 proceffit
1973 2838 2063 2905 et
2103 2820 2560 2907 cumBaue
2599 2820 2978 2906 militiae
3017 2845 3277 2941 prae·

685 2945 925 3037 fetsto
969 2949 1076 3037 de
1110 2975 1331 3061 pace
1370 2951 1581 3061 egit.
1674 2950 1976 3039 Persae
2010 2976 2186 3063 pro
2220 2949 2706 3071 Edeffenae
2744 2950 2978 3036 vrbis
3012 2950 3281 3036 liber·

684 3095 876 3164 tate
918 3079 1105 3165 auri
1147 3081 1441 3165 decies
1478 3077 1724 3165 mille
1764 3078 2023 3166 libras
2060 3079 2378 3190 pondo
2421 3075 2970 3191 postulabant
3012 3114 3034 3168 :
3143 3083 3283 3168 A·

685 3208 1168 3294 reobindus
1199 3206 1545 3318 septem
1585 3208 1666 3293 se
1692 3210 2117 3295 daturum
2172 3210 2580 3294 ostendit.
2727 3208 2866 3295 Ita
2904 3232 2951 3291 e
2984 3208 3280 3296 collo-

680 3336 897 3449 quio
984 3332 1428 3424 discessum
1476 3333 1596 3420 est
1666 3337 2005 3424 incerta
2081 3362 2331 3445 pace.
2509 3337 2900 3450 Cauades
2970 3356 3281 3424 tamen

681 3463 983 3551 castris
1024 3466 1299 3550 motis
1338 3463 1720 3553 Carrhas
1762 3465 2054 3552 duxit:
2092 3465 2428 3552 Arabes
2465 3466 2789 3553 Batnas
2836 3467 2975 3552 seu
3016 3463 3276 3553 Saru-

678 3612 892 3705 gum
925 3590 1344 3682 inuasere.
1495 3592 1642 3679 Ad
1686 3592 2062 3680 Carrhas
2092 3592 2609 3679 Patriciolus
2651 3595 2825 3680 dux
2867 3597 3277 3708 eruptio-

686 3744 801 3805 ne
834 3720 1055 3807 faeta
1107 3742 1523 3829 magnam
1561 3721 1653 3805 in
1703 3723 2096 3806 exercitu
2124 3718 2466 3806 Perfico
2529 3722 2900 3834 stragem
2943 3725 3270 3829 edidit,

683 3848 891 3935 inde
935 3873 1135 3935 cum
1153 3848 1613 3934 Vitaliano
1639 3845 1832 3933 filio
1857 3848 1938 3936 se
1978 3851 2324 3958 recepit
2360 3849 2816 3957 Edessam,
2867 3877 3137 3964 eaque
3161 3879 3279 3942 ex

680 3976 900 4063 ‘vrbe
934 4030 961 4080 ‚
1044 3975 1313 4063 Perfis
1363 3977 1473 4062 ad
1547 3975 2100 4065 obsidionem
2152 3978 2714 4066 redeuntibus
2748 4035 2774 4084 ‚
2868 3978 3272 4072 Samosa-

684 4123 868 4190 tam
894 4102 1276 4189 exeeffit.
1283 4107 1626 4191 Iterum
1652 4107 1970 4194 obseffa
1994 4103 2433 4196 estXVII
2459 4105 2680 4220 Sept
2696 4111 3042 4196 embns.
3092 4112 3269 4200 Ca

677 4235 844 4321 stra
863 4230 1597 4318 habebantPersae
1621 4238 1727 4319 ad
1746 4234 2138 4323 aedemC
2153 4213 2450 4321 osmae
2472 4235 2653 4321 etD
2670 4238 2992 4324 amiani
3014 4260 3274 4351 atque

683 4360 975 4472 Sergii
1016 4414 1042 4465 ,
1117 4384 1164 4445 a
1203 4385 1439 4471 pago
1481 4360 1916 4449 Bocheno
1955 4386 2226 4473 vsque
2262 4363 2370 4446 ad
2415 4364 2857 4474 templum
2897 4365 3273 4457 Confes-

674 4489 976 4582 sorum
1022 4506 1114 4576 et
1145 4492 1469 4580 cliuum
1501 4485 2003 4579 Zorenum.
2139 4489 2348 4616 Auli
2397 4511 2708 4579 tamen
2761 4493 2957 4588 sunt
3002 4497 3271 4587 Edes-

1839 4619 1921 4708 H
1953 4615 2014 4705 h
2090 4645 2149 4707 2
2935 4651 2942 4656 ’
3079 4632 3278 4744 seni
