4559 5919
856 565 943 665 E
1023 558 1475 675 unm
1534 478 2448 667 'taVSTRATAE
2556 559 2792 668 ma.
2864 572 3045 668 IV.
3131 606 3320 691 ,ας

731 785 845 873 de
910 785 1076 873 hac
1187 786 1803 901 persecutione
1870 785 1985 878 fic
2095 789 2420 877 iudicat
2498 820 2518 876 ι
2622 812 2880 905 neque
2983 783 3320 905 absurde

723 919 1111 1002 coniiciat
1201 921 1387 1031 quis
1477 970 1508 1022 ,
1617 915 1769 1003 hac
1842 910 2395 1032 persecutione
2484 913 2862 1006 Valentis
2943 914 3314 1036 Edcffam

726 1056 874 1133 non
945 1058 1266 1129 tantum
1339 1035 1819 1133 euacuataiu
1900 1045 2613 1164 cultoribus‚quod
2654 1039 3123 1163 scriptores
3197 1048 3317 1133 illi

727 1172 1086 1258 indicant
1152 1188 1236 1257 et
1287 1172 1482 1259 aliis
1549 1174 1946 1287 exemplis
1998 1177 2222 1293 apud
2281 1175 2674 1293 Bafilium
2696 1170 3060 1279 firmari
3116 1188 3338 1286 pot--

726 1305 836 1415 1ss
903 1354 929 1403 ,
1003 1291 1154 1419 fid
1209 1316 1293 1385 et
1361 1296 1836 1401 Curialibus
1894 1358 1921 1412 ‚
1998 1302 2219 1420 quod
2279 1304 2629 1421 Basilius
2702 1302 2799 1387 de
2839 1294 3041 1416 »ipsa
3103 1298 3329 1389 Cae-

703 1426 954 1544 sarea
1018 1428 1374 1543 testatur
1404 1423 1737 1544 'diserte'
1822 1457 1844 1513 t
1950 1450 2203 1549 atque
2287 1434 2480 1524 adeo
2549 1429 2755 1514 hanc
2821 1427 3061 1518 huius
3120 1431 3326 1541 Iegis

694 1554 1101 1672 firendae
1145 1554 1483 1645 Valenti
1521 1560 1995 1673 occasionem
2008 1554 2281 1683 suzffi.
2477 1561 2718 1647 Duas
2790 1554 3031 1668 leges
3107 1561 3321 1649 tulit

726 1686 1053 1771 Valens}
1087 1713 1301 1798 quae
1346 1689 1454 1772 ad
1487 1687 2010 1777 Osrhoenos
2043 1692 2637 1802 pertinerent.
2677 1800 2686 1805 -
2834 1686 3160 1776 Dicam
3209 1691 3318 1775 de

727 1812 923 1924 lege
962 1815 1442 1924 posteriori
1477 1818 1778 1927 primo
1815 1816 2060 1904 loco.
2193 1820 2415 1907 Eam
2444 1816 2608 1903 -ille
2656 1815 3120 1930 Hierapoli
3174 1835 3323 1902 tu·-

723 1940 829 2027 lit
869 1948 1008 2048 (1)
1040 1944 1147 2029 ad
1185 1943 1683 2031 Modestum
1716 1946 1806 2031 P.
1838 1947 1922 2030 P.
1965 1950 2077 2035 A.
2122 1970 2353 2054 377.
2383 1944 2488 2030 vt
2513 1960 2673 2057 per
2701 1948 3089 2031 orientem
3100 1958 3324 2057 pro-2

728 2070 1044 2156 uinciae
1081 2073 1165 2157 in
1202 2070 1450 2158 titulo
1481 2070 1679 2156 auri
1712 2073 2274 2185 compariticii
2315 2128 2350 2180 ,
2390 2072 2613 2187 quod
2625 2087 2789 2185 per
2827 2073 3319 2185 iugationem

727 2195 1162 2305 redditur,
1219 2190 1865 2314 compensationis
1881 2205 2190 2311 gratia
2209 2258 2235 2307 ‚
2270 2196 2832 2314 perfruantur
2882 2256 2909 2307 ‚
2945 2206 3330 2310 exceptis

724 2315 1070 2441 Osroene
1103 2341 1187 2413 et
1235 2320 1628 2441 Isauria:
1695 2352 1882 2414 nam
1912 2329 2236 2415 easdem
2274 2329 2581 2441 constat
2650 2350 2952 2413 aurum
2987 2342 3318 2444 compa-

723 2457 1099 2542 riticium
1134 2456 1452 2545 minime
1481 2451 1933 2543 redhibere.
2135 2459 2523 2546 Primum
2556 2458 2950 2546 Romani
2983 2455 3320 2544 milites

727 2583 891 2669 suis
929 2583 1338 2672 sumtibus
1374 2590 1641 2674 castra
1670 2588 1943 2673 secuti
1975 2585 2163 2673 sunt
2218 2620 2237 2673 z
2316 2585 2757 2694 adfignata
2811 2584 3127 2669 deinde
3162 2587 3318 2670 iis·

730 2715 935 2797 dem
975 2712 1423 2823 stipendia.
1557 2715 2001 2805 Gracchus
2037 2712 2334 2823 legem
2369 2712 2572 2799 tulit
2610 2716 2884 2798 etiam
2928 2713 3036 2795 de
3077 2714 3316 2799 veste

727 2839 1226 2952 praebenda
1280 2867 1330 2927 e
1366 2840 1805 2953 publico-'-
1888 2845 2064 2931 Res
2111 2862 2362 2953 grata
2416 2841 2679 2929 militi
2731 2860 2821 2923 et
2879 2840 3230 2950 populo
3279 2895 3304 2943 ,

727 2972 1229 3081 praegrauis
1265 2973 1577 3057 deinde
1621 2972 2128 3083 prouinciis».
2263 2971 2666 3057 Valentis
2718 2969 2952 3079 Imp'.
3017 2989 3312 3058 aetate

725 3102 1143 3210 quaedam
1185 3103 1705 3210 prouinciae
1744 3126 1912 3210 pro
1945 3125 2294 3185 canone
2328 3099 2696 3184 vestium
2739 3123 3040 3183 aurum
3085 3126 3308 3212 pen-

730 3228 1047 3312 debant
1075 3283 1099 3332 ,
1155 3227 1503 3338 singulis
1540 3254 1711 3339 pro
1752 3229 2117 3313 vestibus
2168 3228 2570 3313 solidum.
2651 3226 2777 3313 Ea
2817 3246 3006 3311 erat
3050 3229 3311 3313 adae-

729 3358 963 3440 ratio
996 3357 1251 3441 vestis
1286 3356 1690 3446 militaris
1714 3411 1738 3460 ‚
1816 3357 1907 3439 id
1945 3382 2246 3442 aurum
2282 3357 3037 3464 compariticium.
3177 3356 3308 3444 Vt

726 3480 1153 3596 quaedam
1234 3487 1760 3592 prouinciae
1842 3488 2460 3595 proportione
2535 3485 2907 3591 amplius
2972 3486 3308 3591 pende-

729 3612 937 3696 bant
981 3664 1006 3711 ,
1084 3612 1207 3693 ita
1244 3613 1616 3705 orientis
1666 3614 2127 3720 prouincia
2168 3638 2328 3720 per
2365 3614 2728 3718 triginta
2785 3631 3136 3697 terrena
3179 3615 3308 3696 iu-

725 3766 832 3854 ga
865 3721 1041 3823 flue
1073 3740 1400 3824 vestem
1439 3739 1609 3825 fiue
1650 3741 2351 3826 adam-ationem.
2476 3741 2595 3824 Et
2649 3763 2846 3820 cum
2884 3740 3082 3848 iuga
3173 3763 3305 3822 es-
3385 3769 3390 3774 ·

726 3879 919 3962 sent
944 3924 969 3972 ,
1011 3889 1429 3976 quantum
1467 3891 1759 3954 terrae
1805 3892 1965 3977 per
2000 3893 2322 3952 annum
2360 3892 2545 3951 vno
2582 3866 2855 3949 boum
2893 3868 3106 3978 iugo
3147 3892 3300 3957 ex-

729 3999 1015 4090 erceri
1051 4000 1352 4105 potuit
1398 4050 1423 4100 ‚
1503 4017 1692 4080 tum
1728 4021 1956 4082 vero
2001 3999 2365 4105 triginta
2403 4013 2762 4104 terrena
2817 3995 3016 4105 iuga
3054 3998 3140 4079 in
3175 3996 3305 4081 le-

725 4154 835 4244 ge
862 4183 887 4233 ,
963 4146 1182 4237 quae
1218 4123 1425 4208 alias
1460 4125 1830 4233 triginta
1865 4129 2184 4236 capita.
2318 4127 2443 4210 At
2485 4150 2598 4208 ex
2643 4124 3303 4234 Orientis‚quae

730 4278 1036 4346 aurum
1072 4252 1787 4364 compariticium
1821 4253 2256 4339 tribuebat
2308 4308 2336 4359 ‚
2413 4252 2678 4337 sorte.
2706 4272 3067 4340 exemta
3109 4276 3304 4340 erat

2032 4382 2101 4466 F
2128 4380 2183 4463 f
3134 4383 3294 4469 Os·

896 4704 1032 4790 (1)
1059 4705 1222 4776 cod.
1242 4698 1563 4774 Theodos·
1589 4699 1754 4772 eod.
1788 4699 2059 4770 vnsrit.
2086 4700 2200 4771 vl.
2223 4698 2314 4784 dej
2337 4699 2581 4768 militati
2605 4697 2765 4764 veste
2788 4694 2865 4762 1..
2890 4696 3014 4766 ¹11..
