4559 5919
1257 582 1492 673 με,
1806 537 2511 641 ΗΙΞΤΟΜΑΕ
2576 539 3353 644 OSRHOENAE

1286 790 1483 852 rem
1517 761 1830 850 referri
1885 764 2238 851 videret
2292 820 2319 870 ,
2396 761 2775 847 credidit
2828 761 3252 863 diuersam
3307 757 3478 848 edi.
3614 761 3866 880 Quae

1286 896 1379 980 in
1432 876 1873 991 tabulariis
1907 892 2356 982 Edefi'enis
2394 893 2752 1001 prodita
2789 888 3110 976 fuerint
3163 890 3509 1000 publica
3562 898 3862 979 aucto·

1289 1025 1558 1108 ritate
1596 1047 1710 1104 ex
1778 1020 2150 1107 Eusebio
2202 1019 2841 1129 cognouimus:
2919 1019 3103 1104 vita
3138 1019 3288 1102 illa
3324 1017 3665 1127 Abgari
3697 1018 3859 1131 Sy-

1286 1153 1522 1234 riaca
1543 1154 2000 1234 recentior
2041 1147 2283 1232 fuisse
2301 1147 2680 1244 videtur.

1536 1274 1741 1361 Scio
1844 1278 2389 1385 Procopium
2463 1278 2603 1382 (2)
2651 1273 2765 1356 fic
2862 1273 3220 1359 tradere
3272 1328 3299 1378 ,
3372 1272 3607 1357 hunc
3636 1273 3862 1381 ‚Ab-

1302 1426 1611 1512 garum
1710 1404 2102 1490 Romam
2190 1400 2523 1488 veniss‘e
2625 1419 2882 1510 atque
2992 1401 3095 1486 ab
3198 1402 3596 1512 Augusto
3635 1402 3865 1490 Cae·

1295 1532 1480 1613 sate
1599 1527 2276 1637 perhonorifice
2406 1527 2573 1611 ess‘e
2695 1545 3189 1635 acceptum.
3413 1527 3869 1636 Abgarum

1297 1657 2152 1765 quidem‚postquam
2198 1657 2337 1738 diu
2375 1652 2606 1764 apud
2641 1653 2949 1737 vrbem
3017 1671 3318 1762 egerat
3381 1706 3408 1756 ,
3481 1656 3865 1741 incredi-

1289 1782 1449 1866 bili
1488 1778 1929 1871 defiderio
1969 1784 2239 1893 patrii
2279 1784 2533 1889 regni
2573 1780 2965 1887 flagrasse
3020 1833 3045 1884 ,
3121 1798 3519 1865 attamen
3595 1782 3862 1865 disce-

1301 1911 1569 1993 dendi
1592 1911 2129 2016 potestatem
2159 1912 2652 2015 impetrare
2697 1932 2879 1992 non
2915 1907 3322 2018 potuiffe.
3453 1908 3735 2019 Igitur
3753 1908 3863 1993 il-

1287 2034 1379 2119 le
1418 2038 1508 2119 in
1549 2036 2026 2122 suburbano
2061 2059 2277 2145 agro
2304 2035 2619 2121 multas
2654 2034 2874 2122 feras
2892 2037 3128 2121 viuas
3148 2038 3426 2146 cepit,
3452 2035 3861 2121 humum-

1292 2188 1504 2274 que,
1575 2166 1664 2246 in
1705 2189 1869 2275 qua
1900 2163 2833 2274 vnaquaequelustrum
2876 2161 3340 2268 habuerat,
3422 2162 3860 2247 effodien-

1295 2292 1498 2375 dam
1540 2293 1897 2376 curauit.
2047 2292 2446 2377 Inuitato
2490 2292 2807 2375 deinde
2845 2295 2932 2375 in
2970 2291 3333 2377 Circum
3389 2291 3782 2403 Augusto
3826 2343 3855 2393 ,

1294 2416 1465 2503 hos
1508 2421 1759 2501 viuos
1799 2418 2224 2529 caespites
2257 2441 2420 2527 per
2471 2418 2935 2503 interualla
2971 2417 3060 2499 in
3086 2416 3414 2501 harena
3441 2418 3863 2530 disposuit

1287 2541 1682 2653 ferasque
1724 2570 1773 2627 e
1809 2545 2296 2629 carceribus
2331 2543 2658 2630 emisit:
2751 2545 2877 2632 ita
2916 2565 3214 2629 autem
3270 2544 3587 2631 accidit
3658 2602 3686 2654 ,
3755 2564 3860 2631 vt

1286 2672 1531 2757 suum
1563 2695 1950 2786 quaeque
1987 2672 2167 2757 fera
2203 2673 2677 2783 caespitem
2737 2674 3257 2785 agnosceret
3313 2689 3570 2784 atque
3608 2676 3701 2759 in
3743 2697 3859 2759 eo

1289 2800 1796 2884 recubaret.
1932 2802 2335 2910 Abgarus
2402 2803 2577 2885 iam
2630 2801 2836 2885 inde
2880 2800 3239 2886 exorsus
3293 2823 3339 2883 a
3394 2804 3661 2912 patrii
3698 2801 3865 2928 soii

1293 2927 1574 3014 etiam
1615 2927 1706 3013 in
1744 2927 2028 3014 bestiis
2064 2953 2374 3013 amore
2412 2948 2500 3011 et
2538 2927 2971 3012 desiderio
2998 2981 3025 3033 ,
3104 2927 3614 3014 sermonem
3649 2928 3863 3016 adse

1294 3053 1550 3138 flexit
1634 3110 1662 3162 ,
1733 3056 2380 3165 Augustumque
2436 3054 2958 3166 deprecatus
2992 3054 3169 3160 est,
3242 3074 3340 3138 vt
3390 3058 3474 3141 se
3530 3056 3638 3140 ad
3666 3060 3863 3143 suos

1294 3183 1594 3266 redire
1629 3182 2254 3293 pateretur.Vt
2291 3182 2793 3269 discedendi
2829 3180 3278 3293 potestate
3331 3181 3548 3270 fasta
3584 3186 3862 3271 Edes-

1289 3311 1475 3394 sam
1515 3314 1824 3412 venit,
1905 3305 2566 3426 Ιπποδξόμιον
2603 3311 2962 3419 Augusti
3004 3306 3502 3393 aedificauit
3541 3362 3567 3412 ,
3647 3312 3859 3395 ciui-

1292 3437 1443 3521 bus
1483 3440 1911 3522 nouitatis
1942 3434 2633 3549 cupidisstaiwnv
2672 3462 2763 3522 τε
2801 3430 3171 3549 ἀζήμιον
3202 3437 3260 3551 3⁸5
3306 3428 3583 3553 χαςοὶν
3618 3438 3858 3554 σίκερ-

1135 3625 1146 3634 -
1286 3559 1423 3667 δῆ·
1452 3562 1802 3649 dolorem
1875 3565 2126 3650 animi
2172 3563 2348 3676 stne
2398 3562 2681 3649 damno
2755 3618 2784 3668 ,
2844 3560 3236 3675 gaudium
3272 3566 3451 3677 fine
3489 3565 3719 3650 lucro
3759 3566 3861 3651 ab

1289 3693 1686 3797 Augusto
1729 3694 1811 3776 se
1851 3694 2181 3777 referre
2222 3692 2883 3804 interpretatus·
3038 3693 3142 3778 In
3213 3717 3376 3803 qua
3424 3696 3862 3777 narratio-

1292 3842 1409 3904 ne
1437 3824 1741 3903 omnia
1773 3821 2114 3904 incerta
2146 3820 2366 3903 sunt.
2476 3821 2891 3924 Vereor,
2912 3838 3010 3904 vt
3051 3842 3468 3926 vmquam
3510 3821 3861 3907 Romae

1289 3941 1556 4028 fuerit
1594 3945 2013 4059 Abgarus.
2071 3977 2084 3990 ·
2153 3946 2462 4032 Credo
2519 3944 2902 4053 magi5,s1
2938 3946 3138 4056 quid
3171 3945 3365 4030 veri
3398 3945 3630 4049 infit,
3676 3949 3897 4038 Aba,

1297 4094 1607 4181 garum
1663 4071 2030 4164 Manum
2072 4069 2317 4156 Mani
2349 4073 2814 4183 filium,qui
2849 4072 3330 4157 Antonino
3367 4071 3526 4156 Pio
3567 4076 3854 4186 impe-

1299 4200 1698 4285 rante-in
1734 4198 2071 4285 Vrbem
2092 4185 2376 4306 venit,
2416 4198 2593 4285 tale
2632 4199 2988 4313 aliquod
3026 4223 3648 4289 commentum
3705 4226 3853 4285 re-

3701 4356 3862 4442 Pe-

1567 4619 1669 4700 (2)
1719 4637 1782 4700 p.
1826 4638 1971 4695 117.
3796 4648 3872 4708 C
4006 4689 4015 4694 -
