4559 5919
1059 216 1102 253 O

882 554 967 651 Ε
1037 551 1486 657 NVMIS
1566 548 2464 705 ιιινεΤΒᾼΤΑΕ
2533 557 2762 657 Lm.
2802 559 3030 654 Ηι.
3109 580 3294 682 163

741 779 873 866 uit
901 780 1180 883 solus,
1260 777 1566 888 postea
1601 796 1897 862 autem
1933 779 2024 863 in
2091 779 2619 866 societatem
2657 782 2912 891 regni
2962 783 3306 891 accepit

745 896 1112 995 Manum
1150 906 1456 991 filium.
1655 905 1917 992 Alter
1952 906 2070 990 est
2117 931 2376 994 error
2453 966 2477 1014 ‚
2548 913 2787 1021 quod
2831 908 3312 1018 Dionysius

744 1034 1110 1122 Manum
1149 1060 1428 1118 annos
1470 1042 1621 1116 26.
1662 1036 2050 1141 regnasse
2095 1037 2500 1142 perhibet
2542 1058 2631 1118 et
2676 1058 2974 1119 tamen
3032 1038 3307 1120 filium

741 1163 929 1250 eius
967 1165 1418 1272 Abgarum
1460 1188 1694 1245 anno
1723 1164 2127 1247 Abrahae
2173 1193 2290 1247 22
2317 1175 2461 1247 16.
2510 1164 2958 1249 successisse
3000 1167 3306 1274 prodit

742 1288 925 1376 hoc
981 1294 1291 1394 est‚A.
1333 1292 1436 1379 C·
1485 1319 1705 1384 200.
1871 1294 1985 1377 Et
2025 1318 2332 1376 verum
2372 1290 2547 1375 hoc
2587 1296 3128 1402 postremum
3175 1319 3305 1377 es-
3378 1334 3389 1343 ·

741 1420 827 1502 se
869 1447 918 1504 e
957 1419 1391 1503 chronico
1427 1418 1865 1504 Edeffeno
1904 1420 2270 1505 constat.
2351 1428 2558 1523 (ιο)
2688 1419 2923 1505 Illius
2944 1424 3179 1505 enim
3205 1422 3308 1503 fi-

745 1549 856 1630 de
897 1528 1293 1657 ABgarus
1322 1548 1471 1628 bar
1507 1547 1828 1630 Maanu
1867 1571 2099 1628 anno
2138 1550 2572 1632 Edesseno
2618 1573 2660 1651 5
2691 1567 2726 1628 1
2755 1578 2838 1653 3.
2901 1552 3305 1637 Nouem-

742 1675 877 1759 bri
915 1676 1253 1781 mense‚
1337 1675 1583 1758 rebus
1623 1675 1797 1758 iam
1831 1675 2257 1782 praefuit,
2337 1674 2511 1760 ho‘c
2549 1677 2708 1780 est,
2782 1681 2890 1761 A.
2939 1680 3041 1765 C.
3087 1705 3303 1760 201.

747 1802 1230 1915 Septimius
1266 1802 1632 1888 Seuerus
1667 1821 1984 1887 contra
2020 1803 2388 1888 Didium·
2424 1802 2852 1890 Iulianum
2906 1807 3006 1888 ab
3052 1830 3309 1889 exer-

743 1935 1053 2019 citibus
1086 1932 1638 2021 Germanicis
1673 1931 1779 2014 ad
1821 1932 2311 2018 Carnutum
2350 1937 2849 2042 imperator
2884 1936 3151 2019 dictus
3191 1937 3304 2020 A.

748 2064 853 2150 C.
908 2092 1126 2167 193.
1161 2060 1445 2145 Idibus
1503 2058 1952 2167 Aprilibus
2024 2114 2049 2163 ‚
2164 2062 2406 2143 ocius
2455 2066 2847 2150 Romam
2911 2062 3162 2147 duxit
3215 2079 3308 2146 et

749 2191 1201 2275 tricefimo
1244 2190 1380 2271 die
1421 2241 1446 2289 ,
1530 2186 1629 2268 ab
1667 2213 1780 2270 eo
1831 2242 1856 2292 ‚
1936 2212 2111 2298 quo
2148 2208 2516 2273 venerat
2550 2192 2637 2272 in
2669 2187 2974 2271 vrbem
3054 2244 3078 2292 ‚
3155 2191 3306 2272 ad-

665 2389 678 2399 .
748 2322 1032 2403 uersus
1072 2316 1633 2400 Pescennium
1675 2316 2050 2423 Nigrum
2096 2316 2542 2425 profestus
2578 2317 2717 2400 est.
2796 2318 3018 2400 Huic
3066 2315 3315 2425 Syria

751 2449 1040 2530 omnis
1078 2464 1166 2527 et
1201 2443 1399 2531 Afia
1458 2444 1692 2555 dicto
1738 2444 2088 2528 audiens
2147 2463 2336 2529 erat
2393 2501 2419 2549 ‚
2499 2469 2746 2553 reges
2776 2469 3000 2529 vero
3039 2464 3130 2529 et
3184 2446 3311 2529 sa-

747 2594 1064 2686 trapae
1126 2595 1363 2656 trans
1410 2570 1957 2681 Euphratem
2002 2571 2347 2680 legatos
2380 2574 2792 2659 miserant
2827 2572 3310 2681 gratulatu-

748 2728 898 2787 ros
937 2722 1029 2788 et
1090 2726 1364 2811 opem
1440 2702 1669 2784 suam
1729 2699 2341 2808 polliciturOS‚
2398 2723 2495 2786 vt
2536 2696 3310 2789 Herodianus-scri·

747 2829 902 2915 bit.
978 2837 1115 2933 (1)
1245 2831 1350 2914 In
1388 2828 1707 2912 ceteris
1748 2828 2194 2937 Abgarum
2234 2855 2582 2940 quoque
2633 2851 2723 2914 et
2769 2828 3129 2914 Manum
3168 2852 3311 2912 re-

748 2985 905 3069 ges
941 2961 1492 3069 legationem
1533 2955 1843 3041 mifiss‘e
1880 3015 1906 3064 ‚
1981 2983 2162 3042 non
2200 2957 2584 3043 alienum
2629 2983 2677 3041 a
2725 2955 2899 3041 fide
2932 2959 3310 3043 videtur.

746 3090 1255 3175 Pescennius
1323 3089 1595 3171 victus
1668 3087 1786 3170 est
1825 3093 1932 3200 A.
1985 3087 2088 3174 C.
2141 3118 2358 3195 194.
2401 3110 2490 3174 et
2533 3111 2580 3169 a
2629 3081 3048 3169 militibus
3116 3089 3309 3172 An-

749 3218 1140 3302 tiochiae
1184 3215 1530 3300 occisus,
1666 3215 2022 3300 Interea
2041 3213 2475 3298 Osrhoeni
2508 3234 2598 3298 et
2628 3213 3310 3299 Adiabenitem-

750 3371 910 3456 pus
952 3344 1334 3430 nouandi
1366 3366 1507 3426 res
1577 3343 1745 3426 rati
1769 3329 1802 3445 ,’
1850 3339 2175 3428 Nifibin
2214 3343 2742 3426 obsederunt
2801 3396 2826 3445 ‚
2904 3363 3001 3426 vt
3052 3341 3170 3427 est
3216 3342 3309 3423 in

747 3472 1235 3558 Theodosii
1305 3470 1622 3576 Exigui
1660 3473 2105 3576 excerptis
2141 3471 2663 3558 Cocceianis
2699 3476 2836 3575 (2)
2869 3488 2957 3551 et
2996 3466 3314 3578 repulsi

754 3627 804 3687 a
836 3601 1140 3688 Seueri
1198 3598 2122 3707 partibuS,Pescennio
2167 3599 2610 3684 debellato
2634 3597 3027 3708 ‚legatos
3060 3596 3313 3680 mise-

751 3752 959 3817 runt
1012 3731 1119 3815 ad
1158 3726 1574 3813 Seuerum
1613 3749 1794 3807 non
1836 3724 2330 3810 excusatum
2368 3780 2393 3830 ‚
2473 3724 2709 3835 quod
2742 3723 3043 3809 iniuste
3077 3721 3312 3806 fece-

754 3880 994 3964 rant,
1068 3859 1208 3943 sed
1248 3855 1621 3966 gratiam
1663 3851 1813 3935 fibi
1849 3852 2340 3937 habendam
2415 3853 2948 3965 postulantes
2974 3908 2997 3955 ‚
3078 3870 3311 3935 tam-

757 4012 1013 4096 quam
1057 3986 1358 4071 Seueri
1388 3979 1663 4066 cauffa
1697 4005 1939 4102 arma
1975 3980 2422 4090 cepissent.
2472 3984 2587 4069 Et
2639 3980 3191 4067 ostentabant
3228 3980 3315 4063 se
3395 4061 3409 4073 ,

754 4116 845 4199 in
892 4115 1198 4224 primis
1239 4167 1263 4215 ‚
1304 4111 1539 4223 quod
1573 4108 2015 4193 Pescennii
2051 4109 2378 4194 milites
2437 4103 3316 4199 obtruncassent.Mi·

759 4242 1052 4330 serunt
1088 4242 1360 4326 etiam
1432 4260 1797 4324 munera
1890 4291 1916 4342 ‚
2025 4237 2306 4345 spolia
2350 4243 2571 4325 item
2624 4257 2715 4322 et
2772 4235 3180 4348 captiuos
3230 4233 3317 4319 se

1929 4366 2022 4451 X
2105 4393 2158 4449 2
3097 4360 3304 4448 red-

893 4665 1067 4746 -(10)
1116 4683 1182 4743 P·
1224 4673 1367 4745 390·
1391 4672 1542 4740 417·
1621 4651 2129 4737 <1)1,.11.<.31.
2175 4656 2274 4740 (2)
2301 4675 2363 4738 Ρ·
2402 4658 2555 4733 848·
