4559 5919
1338 598 1395 683 a
1418 581 1463 655 ‘2
1482 574 1531 653 ο
1780 549 2487 656 fflsmmAE
2607 549 3398 661 osRHOENAE

1331 778 1615 865 edidit
1672 772 2402 887 Geigremichum
2455 773 2695 860 suum
2746 825 2780 882 ‚
2851 776 2966 862 a‘d
3018 775 3594 888 quadraginta
3655 775 3939 873 millia

1335 909 1418 993 T
1422 932 1824 994 urcarum
1861 907 2002 992 seu
2030 907 2476 993 Persarum
2511 905 2878 990 adduxit
2932 958 2961 1010 ‚
3041 905 3150 988 ad
3183 909 3425 994 cuins
3457 908 3933 997 aduentum

1344 1038 1811 1141 exercitu5‚
1845 1036 2350 1121 Tancredus
2386 1017 2943 1119 obfidionem
2977 1032 3265 1120 soluit.
3399 1035 3511 1124 In
3551 1035 3711 1121 hac
3747 1058 3936 1124 tam

1342 1164 1825 1276 multiplici
1860 1165 2364 1251 calamitate
2393 1164 2870 1251 Balduinus
2905 1187 3104 1247 cum
3142 1164 3653 1250 exhaustum
3680 1191 3936 1252 aera·

1345 1294 1579 1379 rium
1612 1311 2022 1381 cerneret
2062 1350 2089 1399 ‚
2165 1315 2265 1379 vt
2288 1347 2314 1399 ,
2356 1292 2590 1377 vnde
2628 1293 3159 1403 stipendium
3193 1291 3625 1377 militibus
3672 1319 3936 1405 prae·

1338 1422 1706 1509 beretur
1748 1478 1775 1529 ‚
1856 1448 2045 1506 non
2082 1424 2293 1512 esset
2327 1477 2357 1528 2
2426 1423 2544 1508 ad
2578 1421 2975 1508 fraudem
3005 1417 3391 1529 aliquam
3435 1422 3937 1509 iocularem

1342 1550 1775 1661 confugit.
1938 1552 2173 1640 Nam
2236 1552 2347 1637 ad
2400 1532 2941 1636 inuisendum
2987 1544 3500 1637 Gabrielem
3528 1549 3938 1639 socerum

1342 1678 1790 1792 profectus
1833 1678 2328 1766 Melit-enen
2365 1729 2393 1784 ‚
2467 1661 2848 1764 honoris
2896 1674 3170 1763 cauffa
3201 1678 3675 1789 magnifice
3702 1681 3938 1764 acci·

1350 1811 1591 1919 pitur
1627 1865 1654 1914 ,
1762 1806 2183 1894 militibus
2233 1828 2493 1895 antea
2557 1807 3093 1912 admonitiS,
3147 1831 3369 1916 quae
3418 1809 3563 1918 agi
3627 1807 3935 1897 vellet.

1348 1937 1759 2056 Quodam
1813 1936 2087 2045 igitur
2140 1939 2282 2022 die
2326 1960 2527 2023 cum
2557 1931 3029 2026 Baldu‘mus
3064 1952 3155 2019 et
3190 1932 3548 2024 Gabriel
3579 1938 3818 2024 inter
3849 1937 3939 2022 se

1344 2064 1800 2151 sermones
1838 2047 2434 2176 conferrent&
2499 2065 2928 2150 accedunt
2965 2064 3539 2151 centuriones
3585 2081 3686 2149 et
3723 2064 3936 2150 inde

1348 2216 1401 2278 a
1437 2190 1610 2276 fide
1648 2193 1787 2278 sua
1821 2210 2079 2306 atque
2118 2194 2455 2280 virtute
2487 2192 2783 2278 exorfi
2811 2245 2846 2300 2
2877 2191 3408 2305 stipendium
3454 2193 3933 2303 postulant.

1341 2314 1527 2410 Aut
1560 2344 1760 2405 nunc
1775 2316 2027 2422 fidem
2055 2320 2321 2409 libera
2358 2376 2392 2425 ‚
2435 2321 2837 2433 inquiunt
2867 2377 2899 2427 ,
2927 2333 3081 2406 aut
3109 2318 3326 2432 quod
3336 2321 3669 2433 pignori
3713 2321 3964 2406 nobis·

1338 2445 1632 2559 dedisti
1666 2503 1691 2552 ‚
1732 2445 1827 2532 id
1853 2447 2181 2561 denique
2215 2452 2299 2532 in
2329 2472 2617 2532 manus
2647 2448 2969 2556 nostras
2989 2446 3262 2533 trade.
3394 2448 3762 2537 Gabriel
3791 2450 3942 2562 qui
4034 2503 4043 2524 ·

1353 2597 1515 2686 per
1549 2575 2095 2683 interpretes
2140 2575 2530 2687 militum
2569 2575 3003 2687 postulata
3031 2573 3627 2685 cognoscebat
3657 2631 3687 2681 ,
3727 2576 3948 2691 quod

1331 2706 1631 2819 pignus
1673 2759 1700 2808 ‚
1776 2705 2063 2814 inquit
2096 2758 2124 2811 ‚
2186 2700 2584 2793 Balduine
2640 2697 3091 2818 requirunt
3123 2702 3418 2789 milites
3459 2697 3506 2789 3
3564 2706 3688 2792 Et
3724 2704 3937 2794 Bal-

1210 2841 1267 2856 “
1356 2833 1663 2917 duinus
1697 2832 2083 2940 suspensa
2117 2857 2395 2939 voce,
2461 2827 2840 2934 barbam,
2882 2831 3061 2937 ait,
3120 2846 3408 2944 pater.
3477 2903 3485 2913 .
3535 2835 3703 2919 Hic
3737 2835 3937 2918 sane

1350 2959 1710 3051 Gabriel
1746 2965 2147 3047 attonito
2196 2957 2500 3045 similis
2534 2964 2860 3045 mirans
2898 3014 2928 3063 ,
3002 2957 3356 3059 barbam
3383 2954 3663 3046 vero?
3733 2984 3940 3047 nam

1353 3089 1607 3195 supra
1644 3089 2014 3172 modum
2045 3089 2143 3172 hi
2178 3087 2498 3198 populi
2526 3107 2622 3171 et
2671 3086 3220 3177 delectantur
3246 3089 3524 3193 barba⁸
3545 3108 3639 3173 et
3689 3113 3796 3173 ea
3843 3115 3938 3176 a·

1346 3214 1598 3301 miffa
1633 3234 2081 3326 tamquam
2112 3214 2460 3300 summo
2499 3217 2672 3300 viri
2708 3217 3154 3303 dedecore
3185 3215 3531 3300 dolent.
3588 3219 3938 3303 Tamen

1350 3343 1632 3431 adhuc
1678 3344 2149 3431 Balduinus
2176 3340 2530 3453 placare
2569 3345 3018 3450 socerum,
3097 3343 3379 3431 veluti
3413 3342 3937 3431 militibusin

1349 3474 1741 3558 reditum
1771 3470 2010 3555 suum
2051 3473 2495 3583 quieturis.
2623 3474 2983 3585 Negant
3030 3470 3364 3558 milites
3399 3528 3427 3577 ‚
3503 3474 3588 3559 se
3621 3475 3937 3559 condi·

1357 3604 1706 3688 tionem
1770 3602 2206 3713 accipere.
2347 3599 2521 3684 Vbi
2588 3599 2947 3690 Gabriel
3012 3598 3542 3707 Balduinum
3595 3604 3932 3688 tristem

1358 3731 1752 3843 quidem,
1808 3724 2346 3843 at'paratum
2420 3748 2725 3815 tamen
2792 3730 3034 3815 videt
3091 3744 3265 3839 pro
3317 3727 3492 3815 fide
3522 3730 3938 3815 seruanda

1358 3860 1711 3945 barbam
1763 3883 2107 3969 ponere
2150 3915 2177 3964 ‚
2253 3848 2672 3967 quantum
2719 3859 2830 3943 ad
2880 3857 3407 3968 stipendium
3471 3859 3935 3966 copiarum

1358 3987 1743 4103 requirat
1793 4044 1821 4093 ,
1891 3986 2106 4071 scire
2180 3987 2453 4096 cupit.
2593 3979 3001 4096 Triginta
3062 3985 3316 4069 millia
3384 3974 3934 4071 Michaelita·

1355 4142 1539 4204 rum
1574 4111 2054 4224 respondet
2090 4111 2589 4200 BalduinuS.
2728 4114 2832 4200 Id
2869 4138 3136 4223 genus
3173 4111 3360 4197 auri
3417 4136 3607 4198 erat
3648 4136 3697 4195 a
3756 4114 3933 4201 Mi·

1355 4242 1660 4331 chaele
1690 4242 2265 4352 Imperatore
2306 4234 2474 4329 cufi
2510 4298 2537 4347 ‚
2610 4242 2699 4324 in
2749 4241 3117 4350 publicis
3163 4242 3731 4326 commerciis
3763 4240 3939 4328 fre-

1360 4397 1660 4491 quens·
1794 4372 2024 4463 Eam
2073 4364 2303 4460 vero
2333 4371 2763 4458 summam
2794 4368 3149 4464 Gabriel
3186 4371 3271 4456 se
3287 4381 3452 4484 pro
3466 4391 3764 4483 genero
3799 4368 3935 4455 de-

3735 4512 3943 4613 pen-
