4559 5919
744 550 761 556 ’
821 565 905 661 Ε
977 556 1429 663 NVMIs
1498 557 2420 715 ILLVSTRATAE
2483 561 2723 663 ΜΒ.
2805 563 2982 662 ιν.
3067 602 3119 663 2
3139 607 3201 724 ‘t
3219 604 3260 659 ι
3397 560 3403 565 ’

674 786 1373 900 stigoreperiit,
1450 807 1551 877 vt
1587 782 2813 897 lin-gulisdiebuscentumet
2865 787 3189 899 viginti
3239 843 3268 893 ‚

677 922 782 1003 ad
820 922 1186 1033 triginta
1238 914 1820 1039 efferrentun,
1874 942 2116 1027 .quos
2145 915 2806 1009 Demosthenes
2850 919 3098 1003 omni
3122 943 3271 1003 cu-

671 1074 768 1133 ra
802 1066 1062 1161 atque
1104 1047 1461 1137 honore
1497 1047 2415 1158 sepulcriprosecutus
2453 1047 2602 1133 est.
2732 1046 3272 1157 DeniqueA.

676 1177 783 1264 C.
829 1196 1046 1282 5'02·
1084 1177 1348 1267 Iunio
1392 1176 1723 1283 mense,
1762 1201 2061 1267 rerum
2085 1179 2496 1265 omnium
2519 1175 3092 1292 affluentiam
3133 1177 3269 1262 vi-

672 1305 874 1392 litas
911 1308 1587 1397 consecutaest..
1762 1307 2117 1395 Mentes
2154 1329 2460 1394 tamen
2489 1304 3271 1395 hominumnouis

676 1438 1113 1545 prodigiis
1150 1436 1865 1546 percellebantur
1898 1486 1925 1538 ,
2003 1434 2594 1542 cumAugusti
2613 1437 2919 1525 XXII.
2953 1436 3094 1520 sub
3115 1458 3273 1520 ve·-

670 1568 1015 1669 speram
1052 1565 1540 1651 luculentus
1578 1566 1801 1670 ignis
1839 1563 1945 1647 ad
1981 1560 2349 1649 boream
2386 1582 2588 1649 tota
2641 1568 2906 1652 noste
2959 1566 3275 1651 ardere

678 1690 797 1777 'est
830 1690 1091 1795 visuS,
1165 1693 1842 1801 nunciatumque
1884 1691 2186 1798 postea
2220 1689 2425 1797 fuit,
2460 1772 2464 1777 ,
2505 1693 2827 1779 eodem
2889 1694 3027 1777 die
3062 1694 3274 1779 Pto-

675 1815 1187 1918 lemaidem,
1226 1818 1566 1926 Tyrum
1609 1873 1635 1921 ‚
1685 1818 2145 1931 Sydonem
2188 1840 2279 1903 et
2299 1822 2732 1931 Ber'ytum
2753 1841 3046 1907 terrae
3071 1844 3276 1915 ruo-t

676 1948 904 2047 tibus
938 1946 1447 2031 concidiss‘e.
1581 1952 1720 2053 (6)
1790 1949 2282 2062 Procopius
2334 1949 2908 2041 Caesariensis
2958 1955 3098 2055 (7)
3137 1971 3274 2035 et-

677 2076 863 2161 iam
939 2101 1311 2186 puerum
1379 2075 1747 2163 Edess‘ae
1780 2136 1787 2145 -
1824 2097 2131 2161 natum
2178 2079 2515 2163 duobus
2590 2105 2787 2164 cum
2847 2081 3279 2189 capitibus

678 2190 1014 2301 terrori
1054 2203 1295 2289 fuiffe
1329 2203 1636 2289 refert.
1832 2208 1949 2293 Et
2028 2207 2359 2292 eodem
2412 2226 2836 2319 tempore
2878 2208 3277 2298 Cubades

672 2332 1089 2420 Pherozis
1120 2332 1345 2419 filius
1362 2333 1806 2441 Persarum
1827 2361 2015 2438 rex,
2057 2339 2524 2425 Romanos
2555 2337 2775 2421 fines
2812 2335 3267 2450 ingressuS,

631 2550 639 2567 ,
676 2461 1458 2599 Theodofiopplin
1532 2465 1627 2548 in
1660 2466 2095 2551 Armenia
2166 2466 2505 2551 obsedit
2579 2486 2868 2579 eoque
2922 2470 3276 2577 oppido

681 2617 845 2705 per
886 2593 1509 2703 proditionem
1543 2613 1815 2704 capt-o
1853 2612 1945 2680 et
1982 2593 2410 2681 societate
2447 2622 2644 2681 cum
2698 2599 3104 2687 Namane
3141 2599 3274 2683 A-

682 2724 985 2805 rabum
1023 2748 1231 2832 rege
1275 2725 1522 2829 inita,
1564 2720 2324 2833 Mesopotamiam
2364 2725 2699 2809 inuasit.
2774 2729 3053 2812 Anno
3080 2726 3277 2836 post

688 2854 1165 2958 Namane5‚
1199 2850 1460 2937 caesis
1502 2852 1608 2936 ad
1648 2849 1957 2938 Tel-am
1985 2854 2597 2942 Constantiam
2648 2852 2999 2941 ducib'us
3071 2859 3270 2945 Ro-

686 2982 1013 3085 mame,
1080 3007 1449 3069 omnem
1490 2982 1720 3067 intra
1758 2983 2162 3069 Edessam
2211 3006 2302 3067 et
2361 2986 2743 3073 Carrhas
2795 2988 3272 3096 regionem

682 3133 1102 3196 extremo
1176 3111 1679 3198 Nouembri
1745 3113 2108 3196 vastauit
2183 3133 2271 3198 et
2328 3116 2947 3224 duodeuiginti
2985 3115 3271 3199 millia

684 3240 772 3324 in
810 3241 1427 3351 captiuitatem
1468 3237 1876 3348 abripuit.
2013 3245 2094 3327 A
2133 3239 2493 3329 Cubade
2546 3244 2872 3332 Amida
2910 3301 2936 3349 ,
3026 3248 3278 3354 quin-

677 3388 783 3452 to
828 3369 1123 3455 mense
1166 3395 1280 3455 ex
1320 3394 1493 3482 quo
1568 3365 1945 3454 obfideri
1997 3370 2304 3480 coepit
2403 3428 2427 3475 ‚
2526 3389 2983 3482 occupata.
3031 3475 3040 3478 -
3132 3381 3275 3481 (8)

679 3498 876 3582 Hoc
912 3501 1095 3581 casu
1149 3499 1274 3582 ita
1348 3498 1890 3582 consternati
1923 3498 2165 3583 fuere
2205 3498 2402 3608 Syri
2441 3504 2530 3583 in
2573 3502 3272 3616 Mesopotamia,

681 3645 780 3710 vt
822 3626 970 3709 nifi
1017 3652 1170 3710 eos
1210 3625 1577 3711 Iacobus
1632 3624 2156 3737 Sarugienfis
2201 3630 2803 3716 confirmasset
2896 3685 2924 3736 ‚
3039 3634 3314 3741 agris,

684 3754 1006 3842 relictis
1084 3756 1572 3841 concessuri
1629 3754 1903 3840 essent
1958 3758 2045 3840 in
2090 3756 2691 3844 occidentales
2729 3761 2834 3844 ad
2867 3761 3275 3870 Euphra-

685 3901 871 3968 tem
909 3888 1434 3996 prouincias.
1567 3879 1784 3972 Erat
1824 3905 2116 3969 autem
2153 3886 2622 3984 Osrhoene
2658 3893 2829 3973 iam
2866 3892 3270 4001 superio-

681 4011 911 4097 ribus
941 4016 1188 4101 annis
1232 4015 1555 4101 nudata
1609 4012 1961 4100 colonis
2012 4068 2037 4118 ‚
2118 4020 2262 4128 qui
2302 4017 2632 4102 famem
2689 4018 3128 4131 fugientes
3184 4025 3273 4104 in

1960 4146 2042 4233 H
2081 4143 2139 4230 h
3068 4151 3272 4248 „Ar-

839 4513 968 4592 (6)
1062 4513 1226 4576 Iosua
1255 4517 1507 4596 stylites
1523 4514 1565 4578 1.
1590 4534 1641 4576 c.
1663 4457 2021 4575 Chr-onicon
2055 4514 2411 4578 Edcss'enum
2454 4536 2512 4594 p.
2549 4531 2706 4593 407.
2766 4514 3083 4596 Dionysius
3124 4471 3273 4580 Tel-

674 4599 996 4666 marzenfio.
1027 4600 1155 4683 (7)
1191 4601 1263 4663 de
1288 4603 1353 4669 B.
1372 4603 1444 4667 G.
1472 4621 1533 4683 p.
1555 4600 1709 4665 606.
1760 4594 1891 4681 (8)
1935 4592 2105 4658 Iosua
2123 4601 2383 4683 stylites
2435 4603 2477 4666 1.
2504 4621 2559 4666 c.
2612 4601 3003 4665 Marcellinus
3054 4602 3280 4665 Comes

678 4701 740 4764 p.
764 4702 867 4760 47.
2244 4741 2253 4748 .

728 4841 753 4890 d
