4559 5919
1312 554 1367 618 ε
1382 559 1448 637 4
1557 524 1563 528 ·
1649 640 1659 645 ‚
1809 446 2518 616 ffls-Toanm
2590 458 3374 631 osaflormz

1297 741 1556 855 Quae
1597 737 1793 824 sane
1871 737 2175 846 ingens
2227 735 2345 821 est
2384 732 2943 846 perturbatio
3008 736 3484 845 temporis.
3614 737 3866 827 Bene

1166 870 1183 880 “
1268 869 1572 975 *igitur
1638 866 1897 952 habet
1963 921 1987 969 ,
2066 865 2306 975 quod
2358 883 2545 948 tam
2584 861 2985 975 confusae
3023 866 3420 949 rationes
3508 865 3866 953 Edess‘e-

1300 1022 1503 1079 nam
1541 992 2000 1078 historiam
2043 1018 2227 1077 non
2266 984 2902 1102 inquinarunt(
2987 990 3222 1096 Alii,
3305 994 3396 1076 in
3432 987 3867 1103 quibusest

1297 1121 1771 1229 Dionysius
1804 1117 2415 1217 Telmarienfis
2450 1118 3092 1243 IacobitaruQ
3083 1119 3586 1228 patriarcha
3609 1176 3635 1226 ,
3716 1148 3867 1207 an-

1304 1274 1469 1331 nos
1504 1249 1984 1335 Edefl'enos
2024 1245 2674 1332 Seleucidarum
2711 1256 3349 1354 compararunt
3390 1271 3590 1331 cum
3627 1251 3870 1335 annis

1302 1375 1709 1460 Abrahae
1733 1429 1758 1479 ‚
1838 1396 1935 1461 vt
1973 1374 2138 1458 hos
2173 1377 2411 1460 reete
2442 1375 2975 1456 constituere
3008 1398 3172 1458 nos
3211 1396 3692 1482 oporteat,
3805 1375 3869 1460 fi

1299 1503 1504 1613 quid
1540 1502 1634 1586 in
1710 1502 2040 1612 reliqua
2111 1497 2476 1583 historia
2533 1498 2792 1582 ’huius
2848 1500 3088 1582 vrbis
3124 1501 3678 1587 efficiendum
3718 1506 3864 1590 est.

1299 1630 1704 1730 Eusebius
1746 1654 1941 1712 eam
1977 1652 2411 1713 annorum
2447 1627 2853 1711 Abrahae
2892 1627 3338 1736 epocham
3361 1632 3695 1739 primus
3715 1634 3865 1715 ada

1303 1758 1587 1842 hibuit
1683 1811 1709 1861 ,
1790 1758 2134 1841 dustam
2173 1781 2218 1836 a
2270 1757 2738 1838 natiuitate
2804 1753 3360 1862 patriarchae
3419 1813 3445 1861 ‚
3524 1761 3649 1842 ita
3683 1778 3781 1843 vt
3821 1785 3870 1843 a

1306 1883 1723 1973 Kalendis
1772 1881 2295 1970 Oc'tobribus
2371 1876 2415 1987 ',
2495 1878 2696 1966 cu'm
2750 1872 3343 1971 Antiochenis
3408 1903 3499 1968 et
3556 1884 3869 1975 C‘aesa-

1309 2011 1721 2096 rienfibus
1794 2013 2036 2095 annis
2085 2066 2109 2115 ‚
2191 2012 2392 2094 anni
2439 2008 2847 2095 Abrahae
2884 2012 3241 2095 inirent.
3380 2014 3598 2101 Non
3650 2038 3873 2122 opus

1313 2140 1433 2225 est
1478 2194 1500 2241 ,
1581 2159 1677 2223 vt
1711 2163 2218 2251 quaeramus
2257 2136 2728 2243 hocloco,
2803 2163 3062 2248 quam
3117 2161 3520 2224 accurate
3605 2142 3870 2227 Euse-

1229 2334 1233 2338 .
1310 2270 1500 2352 bius
1538 2268 1926 2351 rationes
1962 2266 2139 2350 suas
2177 2268 2525 2350 duxerit
2585 2317 2610 2365 ,
2691 2262 2983 2349 nostra
3035 2269 3272 2349 enim
3314 2287 3871 2352 tantummo-

1316 2397 1436 2480 do
1477 2394 1833 2491 interest
1870 2451 1896 2499 ‚
1974 2417 2072 2478 vt
2116 2395 2518 2493 sciamus,
2548 2417 2746 2474 cum
2783 2394 3085 2502 quibus
3122 2396 3364 2475 annis
3406 2397 3873 2483 notiorum

1228 2516 1233 2533 ’
1317 2544 1841 2630 temporum
1915 2537 2098 2604 tam
2148 2519 2557 2607 Eusebius
2597 2572 2623 2621 ‚
2696 2544 2956 2628 quam
2991 2521 3133 2629 qui
3177 2544 3378 2605 eum
3414 2521 3874 2632 sequuntur

1300 2648 1556 2757 syri,
1586 2675 1857 2733 annos
1906 2647 2314 2734 Abrahae
2387 2651 2824 2755 componi
2862 2649 3339 2755 patiantur.
3467 2651 3875 2736 Eusebius

1319 2778 1850 2886 Hieronymi
1887 2775 1998 2857 fic
2037 2774 2294 2861 habet
2338 2810 2356 2860 ε
2429 2775 2920 2883 colliguntur
2960 2798 3220 2859 omnes
3261 2775 3366 2859 ab
3439 2774 3875 2866 Abraham

1314 2910 1583 3017 vsque
1621 2904 1732 2988 ad
1763 2901 2282 2995 natiuitatem
2318 2898 2638 2989 Chr-iffi
2673 2906 2910 3007 anni,
2937 2902 3087 2986 duo
3127 2904 3379 2987 millia
3397 2906 3873 3016 quindecim.

1312 3032 1424 3120 In
1458 3032 1827 3121 Eusebio
1869 3033 2232 3115 Pontaci
2270 3057 2469 3117 cum
2506 3033 2832 3118 eodem
2874 3055 3107 3134 anno
3143 3031 3553 3117 Abrahae
3581 3063 3698 3119 20
3722 3064 3759 3118 1
3787 3060 3871 3141 5.

1318 3163 1656 3272 primus
1691 3185 1953 3244 annus
1991 3160 2314 3247 Christi
2347 3180 2947 3271 comparatur.
3071 3162 3207 3245 ·At
3239 3160 3877 3270 IosephusSca-

1312 3291 1538 3397 liger
1609 3314 1930 3372 annum
2017 3299 2307 3371 2016.
2367 3306 2456 3372 et
2496 3312 2816 3373 annum
2857 3288 3248 3396 primum
3295 3288 3614 3376 Christi
3654 3315 3876 3373 con-

1319 3421 1599 3526 iungit
1640 3441 1659 3493 t
1732 3415 2021 3499 voluit
2077 3418 2313 3500 enim
2365 3417 2637 3499 etiam
2688 3412 2865 3498 hoc
2913 3413 3130 3497 loco
3171 3416 3422 3498 nobis
3461 3418 3666 3501 dare
3700 3418 3878 3504 Eu·-

1316 3547 1693 3646 sebium,
1737 3541 2006 3653 qualis
2046 3566 2251 3629 ante
2290 3561 2437 3627 tot
2475 3542 3024 3652 corruptelas
3061 3540 3250 3627 fuit.
3333 3544 3562 3631 Vide
3579 3568 3877 3629 autem

1321 3675 1527 3785 quid
1563 3673 1661 3754 ab
1696 3671 2105 3756 Antonio
2161 3675 2428 3780 Pagio
2469 3671 2925 3756 acutiffimi
2959 3673 3291 3779 pariter
3332 3691 3422 3755 et
3458 3671 3881 3757 mitissimi

1324 3802 1649 3910 ingenii
1687 3798 1888 3882 viro
1914 3854 1937 3901 ,
1968 3796 2126 3881 hac
2166 3803 2254 3884 in
2289 3798 2558 3883 caussa
2599 3802 3059 3883 obiiciatur
3095 3794 3576 3905 Scaligero.
3619 3801 3879 3887 Euse-

1316 3915 1505 4011 bius
1548 3915 1779 4009 anno
1819 3925 2223 4011 Abrahae
2266 3955 2381 4033 23
2413 3954 2555 4031 19.
2620 3926 3004 4036 adsignat
3030 3924 3879 4011 euerfionemeccle-

1326 4056 1638 4141 flatum
1681 4052 1821 4135 sub
1853 4052 2433 4138 Diocletiano
2474 4088 2493 4139 ι
2568 4055 2803 4139 idem
2841 4052 2990 4137 ille
3029 4056 3117 4137 in
3169 4052 3534 4139 historia
3596 4053 3878 4138 eccle-

1326 4183 1680 4284 siastica,
1729 4201 2141 4266 extremo
2173 4182 2407 4286 libro
2445 4182 2925 4296 septimo‚a
2969 4178 3468 4267 Seruatoris
3510 4182 3885 4267 aduentu

1324 4334 1592 4421 vsque
1644 4310 1750 4395 ad
1800 4307 2353 4394 euerfionem
2408 4308 2964 4422 ecclesiarum
3000 4363 3026 4412 ‚
3109 4335 3387 4395 annos
3426 4328 3885 4395 trecentos

1326 4434 1704 4554 quinque
1738 4436 2077 4526 fluxisse
2116 4439 2440 4525 scribit.
2633 4438 2920 4550 Igitur
2972 4462 3173 4526 cum
3207 4449 3442 4529 anno
3475 4435 3885 4525 Abrahae

3586 4592 3879 4674 2319.
