4559 5919
827 563 910 650 E
984 558 1433 713 ΝῙῙΜΙβ
1516 558 2416 656 ILLVSTRATAE
2478 552 2983 655 'LIBJHL
3066 595 3256 680 12¹7

707 777 1496 870 ClaudioCaesare
1564 805 1579 859 :
1659 784 2122 892 negotium
2179 783 2477 867 datum
2519 783 2622 871 C.
2679 781 2969 871 Caffio
3013 837 3038 885 ‚
3112 782 3262 896 qui

707 907 1015 1016 Syriae
1051 930 1462 1021 praeerat
1528 964 1554 1015 ‚
1633 918 1989 999 vtleum
2045 912 2520 997 deduceret
2564 914 2671 996 ad
2706 910 3267 1024 Euphratem
3372 972 3380 979 -

697 1035 1093 1122 fluuium.
1229 1037 1547 1127 Caffius
1650 1042 1759 1125 ad
1826 1037 2224 1152 Zeugma
2284 1096 2310 1145 ‚
2388 1040 2761 1131 Parthos
2832 1040 3261 1143 illustre8‚

693 1192 1075 1278 quorum
1117 1193 1231 1253 ex
1257 1168 1690 1255 sententia
1725 1169 2295 1259 Meherdates
2332 1194 2501 1256 rex
2540 1172 2867 1281 petitus
2904 1191 3125 1275 erat,
3170 1169 3267 1253 in

698 1296 966 1381 castra
1001 1316 1320 1400 vocat,
1368 1298 1992 1395 Meherdatem
2032 1319 2350 1387 monet
2410 1354 2436 1403 ‚
2517 1298 3068 1387 barbarorum
3109 1302 3266 1382 im—

683 1439 927 1536 petus
965 1447 1205 1509 acres
1242 1421 1738 1537 languefiere
1769 1423 2456 1530 cunctationestut
2493 1430 2575 1513 in
2601 1425 3046 1541 perfidiam
3086 1449 3266 1509 mu-

688 1552 906 1659 tari,
985 1556 1268 1667 itaque
1330 1569 1680 1665 vrgeret
1729 1568 2038 1668 coepta.
2186 1556 2589 1665 Abgarus
2644 1581 2871 1643 vero
2911 1552 3268 1643 Edeffe-

692 1705 897 1784 nuS‚
976 1684 1120 1792 qui
1158 1685 1483 1768 eodem
1518 1684 2000 1770 aduenerat
2048 1738 2074 1789 ‚
2118 1688 2478 1771 iuuenem
2511 1687 2888 1796 ignarum
2932 1699 3017 1769 et
3024 1677 3259 1796 sum-

691 1834 905 1895 mam
906 1804 1346 1921 fortunam
1386 1812 1467 1896 in
1505 1812 1713 1901 luxu
1746 1829 2028 1901 ratum
2086 1868 2112 1919 ‚
2189 1813 2484 1906 multos
2509 1829 2668 1927 per
2708 1812 2877 1897 dies
2918 1812 3272 1907 attinuit

689 1938 911 2050 apud
942 1939 1316 2051 oppidum
1346 1937 1739 2058 Edeffam‚
1779 1947 2248 2057 auctorque
2286 1942 2443 2027 fuit
2459 1943 2825 2029 ducendi
2877 1967 3039 2052 per
3078 1942 3258 2029 Ar·
3316 1945 3333 1951 “

689 2069 1085 2153 meniam
1133 2093 1240 2156 ea
1288 2071 1500 2155 anni·
1546 2092 1803 2183 parte
1840 2127 1866 2178 ,
1940 2096 2162 2186 quae
2218 2073 2588 2157 minime
2642 2089 2833 2155 erat
2888 2070 3268 2181 expedi-

591 2262 606 2281 ,
689 2197 927 2281 tioni
964 2220 1481 2308 opportuna
1521 2233 1541 2288 2
1592 2206 1768 2286 iam
1810 2204 2050 2296 enim
2085 2201 2569 2310 incipiebat
2611 2198 2926 2287 hiems,
2968 2194 3255 2289 Simul

689 2318 1224 2412 transmissus
1253 2329 1547 2438 Tigris
1584 2329 1891 2414 fluuius
1962 2384 1988 2435 ,
2065 2348 2155 2413 et
2190 2355 2355 2414 rex
2390 2329 3063 2414 Adiabenorum
3118 2326 3257 2411 vi-

683 2454 812 2539 sus
850 2453 1143 2564 palam
1185 2454 1489 2542 fouere
1527 2456 2119 2543 Meherdaten
2160 2477 2251 2541 et
2303 2455 2606 2543 colere
2648 2491 2666 2544 ε
2744 2456 2970 2541 clam
3063 2451 3263 2544 Go-

659 2584 953 2702 tarzis
983 2581 1347 2677 consilia
1386 2584 1757 2671 iuuabat.
1933 2585 2111 2670 Vbi
2154 2584 2575 2675 Gotarzis
2631 2584 3070 2671 exercitus
3103 2606 3261 2693 ap-

689 2713 1322 2823 propinquauit
1366 2768 1392 2819 ,
1461 2712 1748 2799 Itazes
1787 2714 1913 2818 <id
1954 2734 2288 2800 nomen
2348 2715 2812 2800 Adiabeno
2865 2716 3092 2818 erat)
3165 2729 3259 2798 et

693 2865 919 2927 mox
949 2842 1345 2950 Abgarus
1391 2843 1891 2947 Edefl‘enu5‚
1940 2843 2404 2928 abscedunt
2440 2869 2640 2928 cum
2676 2844 2991 2952 copiis,
3038 2838 3251 2923 leui·

684 2980 860 3054 tate
874 2971 1195 3080 gentili,
1238 2991 1336 3058 vt
1373 2972 1493 3055 ait
1526 2972 1926 3078 Tacitus,
2000 2984 2086 3056 et
2127 2973 2327 3085 quia
2363 2973 2954 3085 experimentis
2988 2970 3261 3079 cogni-

686 3109 857 3183 tum
897 3101 1007 3210 est
1045 3153 1072 3204 ,
1150 3098 1556 3184 barbaros
1625 3101 1854 3184 malle
1909 3097 2178 3184 Roma
2232 3114 2534 3212 petere
2608 3123 2847 3210 reges
2903 3153 2929 3204 ,
3005 3121 3254 3214 quam

682 3221 1010 3312 habere.
1210 3230 1363 3314 His
1419 3229 1781 3313 nudatus
1839 3231 2182 3313 auxiliis
2236 3227 2857 3331 Meherdate5‚
2934 3227 3259 3312 ceteris

687 3358 962 3441 etiam
997 3354 1396 3468 suspectis
1436 3412 1462 3462 ‚
1536 3356 1757 3444 casui
1802 3355 2318 3467 praelioque
2359 3358 2442 3466 se
2483 3356 2913 3468 permifit.
2955 3357 3257 3442 Victus

690 3499 780 3563 et
824 3502 1131 3589 captus
1168 3540 1192 3587 ,
1270 3486 1670 3591 praecifis
1746 3487 2088 3572 naribus
2155 3469 2542 3571 ludibrio
2614 3490 2767 3569 suo
2803 3483 3254 3594 superfuit.

685 3608 937 3705 Inter
979 3610 1192 3695 haec
1231 3613 1484 3695 nobis
1537 3612 1783 3695 venit
1842 3615 1929 3694 in
1971 3636 2374 3697 mentem
2416 3667 2442 3716 ‚
2523 3614 2771 3723 pofl'e
2807 3614 2913 3696 ad
2948 3610 3253 3697 defen·-

687 3737 1070 3825 dendum
1112 3738 1358 3825 Mani
1401 3764 1738 3823 nomen
1775 3739 2180 3824 interseri
2249 3793 2275 3842 ,
2358 3743 2592 3851 quod
2631 3741 2736 3830 C.
2776 3740 3257 3829 Cornelius

689 3866 1308 3978 incorruptam
1350 3866 1621 3952 fidem
1664 3893 1848 3952 non
1891 3857 2610 3955 affidue'tueatur.
2781 3868 3066 3977 Habet
3101 3868 3253 3958 ine

685 3995 981 4078 nescio
1019 4000 1220 4105 quid
1269 4052 1294 4100 ,
1378 4022 1492 4084 ex
1527 4022 1700 4108 quo
1743 3994 2054 4084 astutus
2093 4001 2419 4106 magis,
2499 4022 2755 4112 quam
2778 3999 3079 4085 veriet
3104 4023 3248 4083 ae-

683 4125 832 4232 qui
885 4124 1291 4226 studiosus
1343 4129 1678 4211 animus
1751 4127 2511 4237 deprehenditur..
2610 4127 2838 4218 Sunt
2878 4129 3117 4212 enim
3152 4155 3248 4214 e-

675 4252 809 4334 ius
854 4249 1265 4336 historiae
1306 4253 1529 4363 quasi
1579 4256 2009 4365 quaedam
2043 4259 2467 4366 picturae,
2494 4252 3012 4342 excellentis
3048 4255 3250 4340 sane

680 4380 1101 4482 arti5,sed
1132 4406 1349 4491 quae
1390 4381 1493 4467 ab
1528 4385 1773 4467 vitae
1808 4384 2325 4470 imitatione
2359 4384 2644 4469 studio
2694 4401 2786 4467 et
2830 4383 3252 4469 industria

691 4510 1120 4598 nonnihil
1159 4510 1676 4604 abhorrent.
1755 4511 1929 4597 Vbi
1960 4510 2110 4598 ille
2149 4512 2404 4601 nobis
2436 4512 2886 4600 Tiberium
2918 4514 3248 4631 pingit,

3112 4669 3252 4732 m-
