4559 5919
919 517 1004 622 E
1072 517 1519 625 NVMIS
1589 516 2489 621 ILLVSTRATAE
2574 521 2812 622 LIB.
2882 523 3062 623 IV.
3154 540 3333 644 1⁸5

764 743 1318 857 religionem
1349 746 1830 859 pertineat.
1972 743 2081 831 In
2119 739 2308 829 aliis
2344 745 2630 829 numis
2659 748 2968 855 genius
3004 745 3154 831 ille
3187 771 3344 832 ve-

773 875 1095 965 xillum
1131 893 1381 961 tenet
1424 931 1449 981 ,
1526 892 1627 963 vt
1661 877 1755 960 in
1786 896 1971 963 vno
2008 869 2458 977 Valentis,
2538 875 2954 962 coloniae
2995 876 3346 986 symbo-

770 1001 1004 1111 lum,
1069 1006 1162 1089 in
1202 1003 1391 1091 aliis
1424 1003 1753 1089 sistrum
1792 1058 1817 1108 ,
1893 1020 1992 1087 vt
2035 1002 2125 1083 in
2161 1027 2346 1087 vno
2383 998 2877 1091 Alexandri
2914 1003 3221 1093 Seueri
3258 1023 3348 1091 et

772 1129 1916 1236 Mammaeae‚(Harduinus
1958 1133 2419 1239 panarium
2443 1135 2814 1240 mauult)
2832 1152 2974 1217 aut
3009 1136 3344 1241 colum,

770 1280 873 1351 vt
908 1263 1001 1349 in
1037 1263 1216 1349 alio
1257 1261 1648 1348 eiusdem
1703 1260 2281 1372 imperatoris
2342 1260 2572 1368 apud
2606 1262 3045 1347 Ioannem
3096 1265 3355 1350 Fide·

766 1386 1255 1476 ualentem.
1288 1394 1429 1498 (9)
1482 1492 1491 1497 ‚
1554 1392 1671 1479 Et
1707 1385 2229 1475 dostiffimus
2263 1389 2792 1497 antiquarius
2832 1392 3185 1503 quidem
3211 1410 3353 1475 et-

765 1516 1130 1606 iamhic
1170 1520 1252 1605 se
1289 1536 1539 1630 putat
1575 1516 1904 1604 sistrum
1938 1516 2250 1602 videre
2287 1569 2313 1620 ,
2396 1515 2541 1599 sed
2575 1538 2885 1602 reuera
2918 1521 3159 1603 colus
3202 1520 3346 1608 est.

773 1646 1210 1741 Ceterum
1278 1666 1369 1732 et
1441 1644 1688 1733 colus
1741 1646 2135 1757 pertinet
2194 1645 2307 1729 ad
2346 1644 2876 1756 religionem
2916 1649 3132 1732 deae
3187 1647 3351 1758 Sy-

767 1780 997 1882 riae,
1077 1775 1184 1860 d‘e
1218 1798 1381 1888 qua
1421 1776 1847 1865 Lucianus
1934 1829 1959 1880 ‚
2032 1776 2238 1878 (10)
2287 1772 2610 1857 habere
2668 1801 2863 1861 eam
2907 1774 3225 1887 aliquid
3262 1798 3357 1865 et

766 1900 1229 1992 Mineruae
1269 1926 1360 1992 et
1396 1905 1776 1990 Veneris
1811 1919 1902 1986 et
1940 1903 2237 1987 Lunae
2275 1924 2367 1987 et
2402 1900 2709 1993 Rheae
2750 1923 2840 1987 et
2873 1902 3220 1992 Dianae
3263 1926 3357 1992 et

764 2030 1229 2120 Parcarum
1267 2054 1359 2121 et
1403 2033 1681 2120 altera
1719 2055 1981 2116 manu
2016 2030 2463 2139 sceptrum
2501 2087 2528 2137 ‚
2601 2032 2878 2118 altera
2933 2061 3157 2121 vero
3195 2061 3352 2122 co·

766 2160 950 2247 lum
996 2183 1311 2252 tenere
1347 2219 1374 2269 ‚
1452 2162 1544 2245 in
1580 2161 1875 2271 capite
1909 2160 2244 2268 gestare
2279 2154 2573 2243 radios
2616 2179 2707 2246 et
2745 2162 3098 2249 testum.
3215 2163 3349 2253 Si-

770 2292 1022 2397 dera,
1096 2317 1315 2404 quae
1352 2296 1599 2378 iuxta
1635 2289 1997 2399 genium
2048 2286 2285 2371 vrbis
2320 2311 2757 2398 apparent
2792 2345 2818 2398 ,
2886 2294 3063 2375 iam
3104 2290 3361 2404 supra

770 2446 889 2507 ex
919 2420 1535 2533 superstitione
1564 2415 2208 2505 Edeffenorum
2262 2417 2677 2528 explicui.
2878 2419 2987 2505 In
3030 2422 3361 2508 duobus

763 2550 1130 2638 Ioannis
1201 2549 1609 2642 Valentis
1679 2547 1963 2630 numis
2000 2544 2228 2630 Luni
2286 2546 2429 2630 dei
2461 2547 2796 2658 fignum
2836 2572 3047 2637 ante
3091 2571 3357 2665 caput

763 2679 1001 2766 vrbis
1031 2679 1242 2784 stat,
1323 2678 1637 2766 eadem
1675 2675 1962 2786 specie
2001 2676 2454 2784 cultuque,
2527 2697 2624 2761 vt
2662 2680 2754 2762 in
2808 2679 3093 2766 numis
3135 2674 3356 2771 Cat‘·
3455 2754 3461 2759 ,

765 2808 1126 2897 rharum
1166 2863 1193 2912 ‚
1269 2808 1505 2895 vrbis
1544 2804 1914 2891 vicinae.
2021 2800 2420 2890 Vuildius
2469 2810 2608 2913 (1)
2656 2804 2939 2893 adfert
2995 2832 3359 2896 numum

763 2933 1321 3044 Caracallae,
1400 2937 1496 3023 in
1524 2959 1701 3048 quo
1740 2950 2003 3045 caput
2044 2933 2287 3043 genii
2332 2933 2728 3022 velatum
2780 2955 3036 3051 atque
3084 2940 3352 3025 turri-

762 3083 958 3154 tum
997 3067 1116 3153 est
1152 3119 1178 3172 ,
1270 3070 1684 3176 iuxtaque
1721 3063 2118 3149 cernitur
2155 3087 2437 3149 cornu
2474 3067 2795 3175 copiae
2836 3122 2862 3171 ‚
2995 3067 3352 3154 vberta·

764 3197 876 3282 tis
930 3195 1267 3307 insigne
1322 3249 1349 3300 ‚
1429 3216 1630 3282 cum
1680 3188 2005 3276 litteris
2079 3252 2101 3274 .
2177 3251 2201 3276 .
2281 3254 2301 3275 .
2384 3255 2405 3277 .
2481 3196 2905 3283 ONINIA
2964 3222 3170 3306 quas
3201 3195 3356 3284 ille

608 3317 617 3328 ’
757 3323 1422 3437 interpretatur
1471 3317 1758 3436 Edcssa
1793 3314 2380 3407 Antoniniana.
2545 3323 2653 3409 In
2686 3350 2908 3428 vn0‚
2948 3348 3208 3435 quem
3227 3328 3358 3412 su·

759 3473 1015 3566 prae
1047 3456 1360 3540 Patino
1399 3449 1949 3537 exhibuimus
1995 3453 2545 3562 postremum
2602 3509 2628 3559 ,
2694 3454 3131 3538 incertum
3171 3479 3356 3538 ma-

762 3600 971 3686 net,
1016 3606 1125 3667 an
1159 3583 1350 3692 ipso
1374 3580 1464 3662 in
1500 3602 1774 3665 numo
1795 3576 2124 3663 sistrum
2161 3577 2422 3665 fuerit
2448 3579 2555 3663 ad
2590 3584 2886 3690 peetus
2905 3584 3190 3694 genii,
3244 3608 3356 3668 an

759 3710 1034 3799 colus,
1134 3710 1279 3800 Est
1315 3709 1587 3834 etiam
1623 3731 1929 3792 numus
1971 3706 2202 3819 apud
2236 3707 2379 3793 Io.
2419 3706 2901 3793 Valentem
2941 3765 2965 3815 ,
3040 3713 3130 3796 in
3172 3739 3348 3824 quo

757 3843 937 3927 duo
972 3844 1263 3952 capita
1299 3839 1619 3926 turrita
1651 3855 1740 3924 et
1775 3835 2070 3924 velata
2162 3890 2233 3943 ‚,
2307 3836 2686 3924 alterum
2724 3839 3018 3926 altero
3057 3844 3359 3950 maiuS,

753 3970 839 4056 se
876 3971 1349 4079 respiciunt
1381 3968 1636 4081 super
1671 3985 1846 4052 ara.
1976 3965 2197 4054 Duo
2230 3969 2527 4077 capita
2561 3967 3021 4081 suspicatus
3056 3969 3174 4055 est
3212 3975 3356 4059 Fi-

756 4097 1213 4201 deualen5‚
1295 4119 1442 4204 aut
1487 4100 1703 4184 duos
1738 4096 1911 4182 ess‘e
1952 4098 2268 4208 genios
2289 4100 2537 4182 vnius
2573 4088 2807 4183 vrbis
2834 4156 2857 4204 ‚
2885 4102 3121 4187 cuius
3147 4127 3351 4185 mo·

754 4228 877 4317 ris
913 4221 1476 4341 exemplum,
1557 4227 1797 4340 quod
1831 4227 2496 4331 sciams-exstat
2536 4224 2868 4313 nullum
2912 4284 2940 4334 ‚
3018 4251 3161 4315 aut
3224 4229 3347 4314 al-

1946 4357 2030 4442 A
2071 4381 2120 4440 a
3068 4376 3360 4447 terum

920 4671 1031 4757 (9)
1109 4672 1403 4754 ib·(10)
1446 4666 1937 4755 p.675.<1)p.
1987 4670 2137 4749 176·
2216 4669 2315 4755 (2)
2355 4688 2417 4750 P·
2462 4681 2563 4751 ³5·
