4559 5919
1685 587 2163 705 emm-A
2175 602 2395 708 Tm

753 845 912 938 qne
943 817 1362 936 historiam
1396 820 1514 909 ad
1537 840 1923 911 extrema
1939 817 2139 940 fiere
2172 840 2533 938 tempora
2554 816 3012 940 persecutus
3024 815 3346 938 fiamssae

750 955 1106 1037 maxime
1140 946 1401 1065 cauffa
1441 1006 1466 1058 ‚
1546 966 1647 1038 vt
1686 1011 1708 1058 ,
1792 978 2000 1069 quae
2034 952 2220 1040 bello
2236 951 2480 1066 Jacro
2504 955 2730 1067 gesta
2742 948 3021 1066 suere,
3032 946 3134 1036 ab
3167 950 3336 1038 ham

729 1090 985 1190 parte
1010 1081 1489 1164 accuratius
1519 1074 2045 1194 nosterentur.
2134 1076 2459 1167 Tantae
2493 1107 2626 1165 res
2661 1096 2831 1170 tam
2865 1076 3338 1194 magnificae
3433 1082 3436 1085 ’

745 1217 827 1289 et·
858 1209 1190 1309 variae,
1201 1204 1564 1292 auetores
1600 1205 1882 1294 nablae
1922 1219 2089 1293 tum
2124 1234 2231 1295 ex
2252 1204 2606 1296 Graecis
2624 1203 2961 1323 ficsatis
2998 1214 3028 1293 i
3032 1210 3334 1316 doneos,

745 1346 914 1421 tum
950 1359 1065 1416 ex
1095 1329 1449 1420 Francis
1483 1334 1716 1423 bonos
1754 1338 1838 1422 in
1856 1334 2155 1449 primis
2192 1352 2275 1421 et
2309 1329 2677 1450 copiosos,
2749 1353 3017 1422 tamen
3048 1356 3336 1446 magno

743 1458 1221 1546 incommodo
1272 1462 1671 1548 laborant.
1798 1458 2471 1586 Quotusquisque
2539 1464 2881 1577 nostrum
2912 1464 3112 1549 iilos
3140 1462 3327 1578 qui-

744 1586 915 1683 dem
929 1584 1454 1703 finefaffidio
1481 1605 1559 1676 et
1592 1588 1985 1709 offensione
2011 1586 2237 1702 legit?
2259 1587 2471 1677 Tam
2509 1591 2766 1678 multa
2798 1593 3002 1679 enim
3039 1617 3148 1676 ex
3193 1585 3336 1683 A*

725 1715 1217 1830 staticarum
1254 1744 1533 1805 rerum
1566 1718 2169 1837 linguarumque
2194 1725 2687 1830 ignoratione
2729 1710 3058 1832 obscura
3085 1719 3353 1807 etmi··

740 1845 873 1939 ris
910 1845 1155 1931 modis
1194 1863 1588 1962 corrupta
1624 1851 1784 1934 illis
1820 1851 1903 1932 in
1918 1842 2461 1961 scriptoribus
2512 1848 2846 1933 exstant
2897 1903 2925 1956 ,
3001 1860 3100 1932 vt
3149 1841 3326 1936 heic

700 1974 978 2101 ‘quasi
1006 1971 1396 2061 Hercinio
1431 1974 1697 2091 aliquo
1731 1977 1814 2059 in
1829 1968 2057 2089 saltu
2093 1970 2500 2091 ‘versemur
2556 2031 2582 2083 ,
2659 1975 2924 2060 multa
2947 1978 3324 2087 reperias

740 2125 952 2216 quae
982 2094 1417 2187 cohaerere
1451 2128 1598 2190 non
1635 2104 2078 2190 videantur
2116 2160 2143 2209 ‚
2218 2106 2384 2190 alia
2419 2130 2626 2219 quae
2636 2097 2902 2217 secum
2924 2094 3318 2215 pugnare.

739 2227 891 2317 Ita
928 2234 1011 2306 in
1039 2225 1243 2335 hisce
1276 2232 1778 2317 illustrandis
1817 2286 1843 2335 ,
1917 2234 2414 2319 emendandis
2483 2228 3164 2343 conciliandisque
3196 2228 3347 2316 itt-'³

752 2336 991 2462 terse
1043 2407 1068 2456 ‚
1140 2350 1393 2435 nullus
1425 2352 1659 2437 labor
1690 2360 1918 2464 peius
1938 2361 2281 2466 ponitur
2321 2416 2350 2460 ‚
2421 2385 2662 2468 quam
2700 2361 2781 2444 in
2811 2356 3198 2444 Romanis
3241 2366 3338 2444 et*

750 2471 1128 2593 Graecis.
1209 2473 1380 2563 Sed
1407 2479 1490 2562 in
1520 2484 1626 2564 iis
1651 2493 1908 2590 prope
1917 2476 2112 2592 sunt
2149 2473 2616 2586 innumera,
2642 2513 2850 2595 quae
2885 2478 3145 2573 adhuc
3185 2492 3340 2571 aut'

742 2606 1107 2691 nostram
1139 2621 1284 2689 aut
1317 2605 1662 2692 aliorum
1698 2600 2188 2716 diligentiam
2226 2610 2413 2695 aliis
2466 2614 2548 2694 in
2584 2608 2778 2699 Iocis
2852 2600 3321 2720 desiderant.

742 2730 980 2821 Nam
1041 2734 1156 2817 ad
1191 2736 1436 2821 totius
1489 2728 2119 2847 Mesopotamiae
2152 2741 2412 2849 magis
2467 2748 2713 2850 quam
2746 2733 2863 2822 ad
2888 2727 3331 2847 Osrhoenes

742 2857 1163 2948 historiam
1201 2867 1698 2974 pertinentia
1754 2916 1778 2967 ,
1849 2861 2260 2949 ea·veluti
2271 2880 2431 2980 per
2440 2860 2820 2980 saturam
2855 2862 3334 2950 adiecimus.·
3427 2878 3442 2893 ⁴

741 2986 929 3079 Scio
965 3017 1082 3075 me
1109 3006 1191 3074 et
1223 2995 1716 3107 copiofiorem
1737 2985 2128 3102 futurum
2144 2986 2392 3106 futffe
2423 3009 2509 3079 et
2545 2993 3147 3078 accuratiorem
3178 3016 3330 3079 or-

743 3119 1299 3235 natioremque
1339 3176 1365 3226 ‚
1428 3122 1516 3235 Ji
1549 3117 1833 3207 cunita
1881 3134 2359 3208 monumenta
2408 3149 2464 3208 a
2500 3137 2581 3207 te
2596 3145 2701 3205 ex
2749 3113 3166 3206 Vaticana
3189 3117 3344 3205 bi·-

741 3243 1135 3334 bliotheca
1168 3245 1389 3336 edita
1423 3243 1927 3363 exhibuiffitm
2011 3274 2034 3328 t
2116 3272 2320 3334 nunc
2352 3251 2550 3366 quia
2562 3261 3024 3364 extremam
3050 3251 3322 3361 operis

742 3381 882 3462 tui
903 3392 1232 3489 partem
1258 3375 1584 3464 nondum
1622 3377 1847 3490 potui
1908 3376 2357 3490 impetrare
2395 3434 2421 3485 ,
2496 3373 2641 3465 vel
2672 3398 2835 3461 meo
2899 3378 3313 3462 incommo-

744 3504 848 3590 do
884 3507 1301 3610 neceffitati
1336 3503 1515 3592 huic
1555 3503 2109 3591 concedendum
2142 3501 2354 3617 fuit.
2555 3501 2784 3592 Dum
2819 3500 3046 3588 haec
3089 3502 3206 3589 ad
3236 3517 3320 3586 te

722 3625 997 3745 scribo
1060 3687 1085 3736 ‚
1160 3633 1417 3719 vitam
1460 3645 1538 3718 et
1571 3654 1709 3716 res
1763 3634 2039 3740 gestas
2080 3625 2495 3736 saladini,
2522 3648 2696 3718 tum
2762 3656 2871 3716 ex
2905 3628 3317 3717 Bohadine

742 3759 893 3846 ben
925 3755 992 3844 S
993 3755 1388 3845 chaddadi
1394 3776 1597 3864 ‚tum
1625 3782 1734 3843 ex
1773 3751 1828 3842 1
1803 3739 2094 3869 smaele
2120 3750 2530 3871 Ahzclfhda
2552 3773 2629 3844 et
2641 3752 3132 3846 Amaoddino
3146 3755 3318 3842 Hi·

727 3877 1228 4003 Jpahanenfi‚
1270 3910 1325 3973 a
1359 3890 1552 3973 viro
1567 3883 2044 3999 ampltffimo,
2069 3880 2419 3973 Alberto
2461 3884 2957 3991 Schultenio‚
2973 3899 3133 3998 pro
3150 3911 3309 3973 mo·
3372 3926 3381 3935 -

746 4039 853 4101 τε
880 4009 1024 4128 fico
1063 4017 1514 4130 meritoque
1549 4017 1631 4128 in
1665 4013 1813 4098 has
1867 4012 2203 4099 litteras
2271 4016 2546 4101 veteri
2604 4071 2632 4121 ‚
2708 4010 3118 4120 dotitffime
3155 4038 3312 4099 ex-

744 4144 1107 4258 plicatas
1130 4197 1155 4246 ,
1228 4169 1273 4228 e
1306 4143 1573 4255 Belgio
1603 4139 1885 4229 nanus
1905 4134 2115 4257 sum.
2256 4138 2505 4264 Quas
2535 4169 2708 4230 cum
2737 4142 3166 4255 voluptate
3196 4139 3307 4227 le-

743 4295 942 4382 gens
963 4325 991 4373 ,
1070 4269 1327 4362 multa
1359 4271 1660 4386 vbique
1690 4274 2009 4384 reperio
2033 4327 2059 4377 ‚
2138 4274 2430 4385 quibus
2463 4270 2579 4357 ad
2602 4269 3080 4356 exornanda
3113 4265 3346 4358 haec·

740 4422 926 4490 ma
951 4402 1089 4485 vti
1095 4396 1525 4517 potug‘ffem.
1659 4393 1801 4487 De
1795 4394 2026 4513 satis
2059 4415 2319 4485 autem
2357 4398 2595 4487 vrbis
2621 4390 3110 4526 Edeffaesub
3139 4392 3306 4485 Sa,-

2160 4532 2233 4636 )(
2299 4553 2363 4614 2
3176 4521 3307 4619 lae
