4559 5919
816 561 899 657 E
966 551 1412 660 NVMIS
1481 547 2382 666 ILLVSTRATAE
2449 555 2683 658 Lm.
2789 564 2902 660 V.
3051 577 3252 666 281·

682 786 841 897 qui
877 787 1141 898 nigris
1175 781 1538 867 vestibus
1571 779 2046 882 vtebantur
2079 779 2210 866 vti
2244 778 2580 867 Arabes
2611 778 2851 869 albis,
2931 787 3272 904 Quam.

550 901 555 906 ’
688 915 1003 1000 obrem
1046 911 2084 1020 Maurophoridicuntur
2110 907 2678 1020 Theophani.
2833 915 2972 1022 (4)
3037 899 3276 1007 Abui

686 1042 975 1130 Abbas
1009 1035 1450 1152 Alsaphah
1501 1041 2004 1150 imperator
2041 1035 2446 1123 salutatus
2484 1092 2511 1143 ,
2569 1059 2886 1128 contra
2909 1043 3267 1131 Metua-

682 1193 901 1294 nem
940 1171 1167 1255 misit
1210 1190 1622 1280 patruum
1662 1168 1901 1253 suum
1947 1219 1973 1272 ‚
2052 1171 2197 1278 qui
2240 1168 2348 1251 ad
2385 1167 2800 1255 Alzababi
2845 1225 2871 1275 ‚
2950 1171 3268 1259 Aizabi

676 1299 831 1384 seu
873 1298 1279 1385 Alzabati
1322 1351 1348 1401 ‚
1455 1300 1614 1399 (ita
1671 1296 1909 1381 enim
1955 1294 2305 1383 diuersis
2345 1298 2636 1380 modis
2676 1294 3131 1409 legebatur
3173 1303 3268 1388 in

676 1426 1111 1536 Gregorii
1149 1423 1680 1514 Malatiensis
1718 1424 2368 1534 exemplaribus
2399 1425 2968 1533 PocokianiS,
3004 1453 3271 1541 quem

676 1558 985 1655 iocum
1028 1581 1145 1643 ex
1179 1552 1631 1663 Dionysio
1670 1553 2058 1657 constat,
2136 1562 2321 1693 Ἆρα·
2384 1577 2560 1661 0222
2609 1549 2812 1643 Beth
2844 1548 3089 1641 Zabe
3125 1560 3269 1647 seu

681 1678 939 1769 Zaba
976 1706 1066 1769 et
1117 1682 1655 1792 Theophani
1698 1678 1988 1769 zoeeaev
2063 1683 2387 1770 distum
2438 1682 2676 1772 fuiffe
2721 1735 2748 1786 ,
2807 1682 2975 1767 „illa
3017 1689 3266 1772 enim

683 1807 1090 1898 Metuani
1130 1814 1366 1897 sedes
1402 1825 1594 1896 erat
1639 1867 1664 1917 ,
1713 1820 1747 1920 )
1785 1807 2127 1921 praelio
2166 1810 2568 1919 superior
2607 1809 2794 1893 fuit.
2903 1811 3271 1934 Merua·
3429 1869 3440 1920 2

684 1963 841 2023 nes
881 1943 1263 2052 primum
1308 1939 1686 2029 Carrhas
1726 1939 1947 2048 fiagit
1990 1990 2018 2045 ‚
2061 1960 2253 2025 tum
2297 1957 2585 2048 ponte
2618 1936 3095 2048 Euphratis
3117 1943 3264 2027 'su-

682 2093 844 2180 pra
885 2067 1262 2158 Carrhas
1308 2123 1333 2172 ‚
1416 2094 1600 2151 non
1644 2065 1954 2176 procul
2003 2120 2032 2171 ‚
2106 2085 2206 2150 vt
2249 2084 2478 2175 puto
2521 2120 2547 2168 ‚
2631 2093 2679 2152 a
2731 2067 3040 2153 Batnis
3078 2090 3263 2158 tra·

680 2199 919 2283 iee‘to
965 2251 991 2301 ,
1068 2200 1159 2280 in
1204 2197 1454 2307 Syria
1488 2194 1814 2282 bellum
1858 2195 2304 2304 reparauit
2349 2246 2376 2296 ‚
2491 2217 2676 2275 non
2736 2190 3121 2281 feliciori
3164 2221 3261 2282 e·

676 2346 981 2413 uentu.
1109 2327 1487 2414 Interim
1526 2320 1904 2411 Buricha
1944 2322 2478 2433 principatui
2514 2319 2897 2406 inhiabat
2937 2344 3030 2407 et
3071 2348 3263 2412 ma·

681 2479 900 2565 gnus
937 2456 1111 2540 iam
1181 2475 1372 2539 erat
1430 2457 1551 2538 Ἀ.
1597 2455 1701 2542 C.
1766 2475 1885 2558 75
1913 2482 1995 2535 ι.
2038 2476 2234 2537 cum
2276 2445 2646 2566 Abqlana
2677 2449 2995 2540 Boctri
3033 2450 3266 2544 filius

674 2581 1040 2670 Edessae
1112 2584 1222 2667 ad
1297 2582 1733 2667 maiorem
1809 2583 2055 2691 spem
2115 2579 2624 2690 adspiraret.
2759 2579 2845 2667 Is
2881 2580 3262 2671 Abdalla.

677 2712 1120 2795 coenobia
1178 2713 1422 2797 iuxta
1476 2707 2318 2812 Edessam‚Carrhas
2375 2726 2465 2793 et
2502 2705 2818 2791 Telam
2855 2734 2906 2795 a
2945 2708 3257 2798 funda-

680 2840 1011 2924 mentis
1084 2839 1458 2923 diSIecit.
1634 2840 1761 2924 At
1821 2838 2116 2923 Persae
2195 2860 2418 2922 mox
2454 2834 2927 2925 Buricham
2984 2842 3097 2923 A.
3145 2839 3260 2929 C.

680 2992 803 3075 75
828 2997 912 3052 2.
949 2966 1285 3077 pellunt
1328 2988 1416 3051 et
1470 2965 1933 3053 Abdallam
1980 2963 2544 3052 Mahomedis
2597 2964 2875 3048 filium
2919 3018 2946 3069 ,
3023 2970 3262 3078 regis

670 3092 1120 3186 Persarum
1140 3097 1553 3201 fratrem,
1574 3095 1973 3180 Emirum
1998 3094 2716 3203 Mesopotamiae
2735 3095 3253 3201 imponunt.

673 3229 817 3333 (5)
864 3224 1309 3314 Defuncto
1376 3220 1792 3329 Saphaho
1852 3219 2219 3310 Abdalla
2286 3222 2456 3304 ben
2514 3219 3013 3309 Mahomed
3080 3223 3257 3311 ben
3313 3232 3318 3237 ’

677 3358 830 3441 Ali
886 3356 1051 3438 ben
1108 3350 1544 3439 Abdallah
1615 3349 1784 3432 ben
1827 3349 2115 3438 Abbas
2147 3373 2361 3458 rege
2398 3402 2424 3452 ‚
2504 3350 2746 3435 iuter
2781 3347 3252 3438 Abdallam

676 3480 844 3564 ben
910 3480 1393 3566 Mahomed
1460 3472 1922 3592 Abugjafar
1978 3478 2603 3565 Almansorem
2651 3475 3036 3588 Saphahi
3076 3479 3247 3564 fra·

673 3629 911 3694 trem
959 3626 1047 3691 et
1086 3596 1326 3690 'inter
1356 3603 1819 3692 Abdallam
1890 3606 2062 3687 ben
2136 3603 2290 3690 Ali
2329 3607 2718 3689 eiusdem
2790 3609 3251 3694 consobri-

674 3741 1037 3842 num‚de
1081 3738 1578 3846 principatu
1614 3730 1940 3818 diffidia
1971 3734 2158 3816 sunt
2202 3754 2452 3837 orta,
2528 3730 3070 3819 Perfisillum
3121 3737 3249 3822 se··

674 3867 1139 3969 stantibus,
1218 3862 1446 3973 hunc
1484 3887 1708 3951 vero
1750 3860 2694 3973 Mesopotamienfibus
2750 3882 2839 3945 et
2891 3865 3252 3978 reliquis

674 3991 916 4101 Syris
958 3995 1588 4107 Aegyptiisque
1645 4046 1669 4094 ‚
1732 3992 2037 4091 ,donec
2085 3990 2507 4077 Abadalla
2535 3991 2717 4074 ben
2754 3989 3252 4086 Mahomed

670 4123 1071 4234 superior
1140 4122 1430 4210 euasit.
1592 4120 1790 4211 Fuit
1846 4120 2015 4207 illis
2067 4120 2625 4232 temporibus
2653 4116 2906 4207 Emit
2941 4121 3244 4216 Meso-

2072 4248 2240 4336 Nn
3074 4283 3252 4369 po.

944 4549 1062 4630 (4)
1111 4548 1262 4613 Vide
1294 4551 1540 4612 omnino
1566 4549 1933 4611 Affemanum
1958 4550 2039 4612 T.
2070 4550 2146 4613 n.
2171 4568 2231 4627 p.
2267 4559 2407 4623 108.
2437 4564 2502 4613 et
2552 4554 2984 4640 Theophanem
3009 4574 3074 4641 p.
3103 4558 3245 4644 356,

666 4630 789 4715 (ς)
831 4632 1235 4714 Theophanes
1252 4653 1313 4714 p.
1340 4648 1569 4713 357.st
1600 4630 1922 4714 Dionyfius
1945 4632 2492 4701 Telmuienfinkc.
