4559 5919
1320 572 1453 664 m·
1810 541 2515 665 msa-omar
2574 490 3352 672 emiorum

1307 776 1626 887 caffet,
1695 780 2184 869 Harduinus
2215 795 2519 867 totam
2555 772 2820 899 illam,
2840 774 3287 865 censuram
3325 765 3746 885 Scaligeri
3783 772 3877 867 in
4039 790 4060 801 “

1312 913 1728 1002 editione
1772 905 2610 999 Amstelaedamenfi
2650 924 3235 1018 expungeret.
3439 904 3876 993 Hactenus

1308 1043 1586 1150 igitur
1622 1044 1868 1130 reste
1895 1037 2323 1151 Iosephus
2368 1035 2807 1146 Scaliger,
2878 1034 3033 1121 nifi
3053 1026 3877 1147 quodadditAEdes·

1310 1168 1567 1258 senos
1605 1184 2025 1279 tempora
2065 1168 2203 1253 sua
2244 1189 2710 1251 numerare
2749 1191 2795 1250 a
2833 1162 3246 1252 Ianuario
3284 1159 3677 1271 Iuliano,
3717 1163 3876 1251 tri-

1306 1297 1460 1383 bus
1481 1293 1911 1395 mensibus
1932 1290 3395 1408 postinitiumanniSeleucidarum
3421 1344 3446 1394 ‚
3492 1293 3633 1381 seu
3674 1289 3876 1404 post

1305 1424 1497 1514 Kal.
1540 1423 2001 1514 Octobres
2142 1426 2431 1541 Quem
2474 1423 2719 1507 enim
2754 1447 2869 1506 ex
2911 1422 3163 1505 omni
3196 1422 3724 1533 antiquitate
3747 1423 3874 1508 ci·

1310 1572 1507 1638 tare
1548 1552 1842 1663 potest
1882 1551 2339 1664 opinionis
2371 1549 2563 1636 suae
2604 1552 3060 1637 auc‘torem
3114 1540 3152 1630 ζ
3191 1571 3335 1635 aut
3369 1574 3593 1661 quae
3629 1550 3874 1639 ratio

1314 1703 1432 1766 ex
1467 1678 1805 1769 calculo
1841 1680 2132 1792 aliquo
2171 1678 2420 1768 ducta
2458 1679 3001 1789 cogitationi
3036 1678 3215 1764 eius
3259 1677 3486 1764 hanc
3522 1679 3880 1767 senteu-w

1314 1811 1537 1894 tiam
1573 1808 1931 1895 subiecit
1973 1802 2009 1895 ζ
2075 1808 2437 1920 Nempe
2509 1811 2963 1894 conuictus
3031 1805 3151 1890 est
3216 1808 3397 1919 ipsa
3436 1807 3883 1919 Syrorum

1313 1937 1946 2026 consuetudine
1982 1956 2074 2023 et
2113 1936 2989 2050 perpetuoinstituto
3015 1934 3513 2043 auspicandi
3547 1962 3875 2025 annum

1311 2066 1418 2150 ab
1460 2067 2070 2153 autumnitate.
2202 2066 2346 2156 Ne
2390 2083 2687 2150 autem
2728 2064 3254 2177 quaerendi,
3293 2068 3536 2176 quod
3562 2086 3878 2154 verum

1308 2193 1451 2299 fit,
1495 2196 1907 2280 laborem
1943 2193 2536 2303 subterfugere
2577 2190 2818 2281 velle
2861 2193 3214 2298 videar,
3259 2195 3349 2278 id
3369 2220 3656 2303 agam,
3695 2217 3872 2308 quo

1312 2348 1480 2433 per
1513 2325 1596 2408 se
1637 2346 1863 2433 opus
1900 2349 2084 2408 non
2124 2324 2385 2430 est,et
2426 2320 2806 2409 efficiam
2843 2322 3314 2432 exemplis,
3343 2325 3695 2411 initium
3718 2347 3873 2409 an·

1310 2454 1409 2536 ni
1442 2451 1852 2537 Edeffeni
1915 2477 2116 2537 cum
2171 2475 2409 2536 anno
2479 2448 3071 2539 Antiocheno
3144 2471 3290 2541 aut
3345 2448 3878 2542 Caesariensi

1313 2576 1972 2669 Seleucidarum
2021 2579 2371 2689 prorsus
2409 2602 2907 2687 congruere
2995 2634 3021 2684 ‚
3095 2598 3186 2663 et
3253 2602 3353 2667 vt
3411 2579 3650 2668 isthic
3685 2584 3896 2699 Hy<

1310 2706 1935 2817 perberetaeus
1977 2732 2175 2791 cum
2209 2707 2405 2794 Kal.
2445 2707 2968 2797 Octobribus
3003 2732 3169 2793 coe
3177 2713 3313 2818 pit
3338 2767 3365 2819 ‚
3442 2713 3568 2797 ita
3597 2712 3876 2812 Edes-

1306 2835 1564 2921 senos
1602 2858 1923 2919 annum
1956 2835 2194 2920 suum
2224 2856 2316 2920 et
2355 2837 2744 2943 primum
2778 2836 3166 2921 mensem
3199 2849 3344 2972 soe·
3413 2864 3688 2982 &1⁸²⁴
3706 2833 3872 2926 Te-

1281 2955 1571 3080 schrin
1628 2964 2007 3074 priorem
2088 2964 2189 3050 ab
2264 2963 2465 3071 ipfis
2539 2963 2728 3052 Kal.
2798 2965 3317 3066 Octobribus
3397 2969 3869 3055 inchoass‘e.

1314 3090 1849 3183 Chronicon
1910 3091 2437 3181 Edeffenum
2495 3095 2767 3179 tradit
2802 3093 3367 3185 Iustinianum
3404 3099 3873 3190 Caesarem

1315 3218 1487 3306 effe
1526 3222 2137 3306 renunciatum
2173 3223 2285 3306 A.
2334 3226 2557 3326 838.
2583 3222 2865 3333 primo
2898 3215 3199 3334 Ntsan:
3248 3252 3295 3310 e
3337 3228 3651 3313 nostris
3669 3227 3871 3312 scri·
3977 3336 3981 3340 4

1311 3348 1717 3460 ptoribus
1763 3350 1986 3432 item
2043 3347 2384 3432 constat
2427 3351 2539 3440 A.
2581 3350 2684 3440 C.
2729 3372 2952 3454 527.
3001 3348 3399 3444 Kalendis
3436 3352 3872 3467 Aprilibus

1311 3475 1551 3561 fuisse
1587 3477 1911 3564 dictum
1950 3475 2447 3564 Caesarem.
2656 3476 3088 3565 Similiter
3124 3482 3216 3563 in
3252 3479 3718 3572 Chronico
3751 3487 3873 3574 E-

1313 3604 1667 3690 deffeno
1713 3604 2029 3690 dicitur
2057 3603 2612 3692 Theodosius
2645 3605 2774 3694 M.
2813 3609 3114 3696 obiifl‘e
3148 3614 3260 3698 A.
3307 3625 3540 3717 706.
3572 3612 3872 3698 decimo

1285 3722 1626 3858 septimo
1663 3726 2021 3818 Canunis
2042 3736 2529 3847 posterioris
2604 3753 2697 3820 et
2750 3735 3131 3847 sepultus
3162 3736 3440 3823 oblano
3480 3732 3872 3853 Taso-bria

1108 3963 1123 3977 ,
1283 3854 1655 3978 semndi:
1728 3860 2001 3946 nostri
2037 3861 2520 3971 scriptores
2553 3859 2878 3951 Graeci
2911 3868 3022 3951 A.
3064 3866 3173 3953 C.
3217 3898 3264 3975 3
3283 3899 3340 3976 9
3358 3891 3441 3974 5.
3491 3891 3639 3975 17.
3679 3867 3865 3958 Ian.

1313 3986 1743 4074 deceffiffe
1777 3990 2194 4076 referunt:
2216 3990 2822 4099 compositum
2856 3988 3136 4078 ostano
3168 3991 3675 4082 Nouembris
3699 3997 3868 4085 So·-

1310 4137 1596 4202 crates
1660 4119 1997 4223 tradit„
2170 4118 2708 4207 Anastasium
2753 4119 3201 4210 Dicorum
3273 4127 3682 4214 occidisse
3750 4130 3866 4214 A.

1310 4251 1544 4358 829.
1600 4267 1795 4334 nono
1855 4239 2197 4364 Tamufi
2240 4245 2775 4341 chronicon
2801 4249 3330 4345 Edeffenum
3367 4254 3772 4374 prodidit
3845 4277 3866 4334 z

3580 4383 3863 4480 Grae·
