<?xml version="1.0" encoding="UTF-8"?>
<!DOCTYPE html PUBLIC "-//W3C//DTD XHTML 1.0 Transitional//EN"
    "http://www.w3.org/TR/xhtml1/DTD/xhtml1-transitional.dtd">
<html xmlns="http://www.w3.org/1999/xhtml" xml:lang="en" lang="en">
 <head>
  <title>
</title>
<meta http-equiv="Content-Type" content="text/html;charset=utf-8" />
  <meta name='ocr-system' content='tesseract 3.04.00' />
  <meta name='ocr-capabilities' content='ocr_page ocr_carea ocr_par ocr_line ocrx_word'/>
</head>
<body>
  <div class='ocr_page' id='page_1' title='image "./historiaosrhoen00bayegoog_0152.png"; bbox 0 0 4559 5919; ppageno 0'>
   <div class='ocr_carea' id='block_1_1' title="bbox 1039 2474 1090 2507">
    <p class='ocr_par' dir='ltr' id='par_1_1' title="bbox 1039 2474 1090 2507">
     <span class='ocr_line' id='line_1_1' title="bbox 1039 2474 1090 2507; baseline 0 -6"><span class='ocrx_word' id='word_1_1' title='bbox 1039 2474 1090 2507; x_wconf 52' lang='grc' dir='ltr'><strong>ι’·</strong></span> 
     </span>
    </p>
   </div>
   <div class='ocr_carea' id='block_1_2' title="bbox 1282 553 3252 665">
    <p class='ocr_par' dir='ltr' id='par_1_2' title="bbox 1282 553 3252 665">
     <span class='ocr_line' id='line_1_2' title="bbox 1282 553 3252 665; baseline 0.002 -5"><span class='ocrx_word' id='word_1_2' title='bbox 1282 577 1471 660; x_wconf 80' lang='lat'><strong>128</strong></span> <span class='ocrx_word' id='word_1_3' title='bbox 1703 553 2410 662; x_wconf 75' lang='lat' dir='ltr'><strong><em>‘HISTORIAE</em></strong></span> <span class='ocrx_word' id='word_1_4' title='bbox 2476 554 3252 665; x_wconf 77' lang='lat' dir='ltr'><strong><em>OSRHOENAE</em></strong></span> 
     </span>
    </p>
   </div>
   <div class='ocr_carea' id='block_1_3' title="bbox 1237 777 3875 2177">
    <p class='ocr_par' dir='ltr' id='par_1_3' title="bbox 1237 777 3875 2177">
     <span class='ocr_line' id='line_1_3' title="bbox 1285 777 3850 896; baseline 0 -25"><span class='ocrx_word' id='word_1_5' title='bbox 1285 782 1514 871; x_wconf 84' lang='lat' dir='ltr'><strong>nihil</strong></span> <span class='ocrx_word' id='word_1_6' title='bbox 1547 780 1708 870; x_wconf 92' lang='lat' dir='ltr'><strong>illo</strong></span> <span class='ocrx_word' id='word_1_7' title='bbox 1748 780 1944 871; x_wconf 89' lang='lat' dir='ltr'><strong>fieri</strong></span> <span class='ocrx_word' id='word_1_8' title='bbox 1978 780 2654 896; x_wconf 77' lang='lat' dir='ltr'><strong>potestastutius</strong></span> <span class='ocrx_word' id='word_1_9' title='bbox 2676 835 2703 888; x_wconf 88' lang='lat'>‚</span> <span class='ocrx_word' id='word_1_10' title='bbox 2778 781 2927 870; x_wconf 92' lang='lat' dir='ltr'><strong>sed</strong></span> <span class='ocrx_word' id='word_1_11' title='bbox 2959 798 3059 870; x_wconf 83' lang='lat' dir='ltr'><strong>vt</strong></span> <span class='ocrx_word' id='word_1_12' title='bbox 3094 777 3485 871; x_wconf 76' lang='lat' dir='ltr'><strong>verearis</strong></span> <span class='ocrx_word' id='word_1_13' title='bbox 3523 803 3583 887; x_wconf 85' lang='lat'><strong>‚·</strong></span> <span class='ocrx_word' id='word_1_14' title='bbox 3624 808 3742 873; x_wconf 82' lang='lat' dir='ltr'><strong>ne-</strong></span> <span class='ocrx_word' id='word_1_15' title='bbox 3767 780 3850 870; x_wconf 67' lang='lat' dir='ltr'><strong>is</strong></span> 
     </span>
     <span class='ocr_line' id='line_1_4' title="bbox 1287 910 3845 1025; baseline 0.001 -27"><span class='ocrx_word' id='word_1_16' title='bbox 1287 911 1594 1025; x_wconf 85' lang='lat' dir='ltr'><strong>paullo</strong></span> <span class='ocrx_word' id='word_1_17' title='bbox 1643 913 1905 999; x_wconf 90' lang='lat' dir='ltr'><strong>fuerit</strong></span> <span class='ocrx_word' id='word_1_18' title='bbox 1946 914 2412 1023; x_wconf 82' lang='lat' dir='ltr'><strong>integrior.</strong></span> <span class='ocrx_word' id='word_1_19' title='bbox 2547 912 2723 997; x_wconf 89' lang='lat' dir='ltr'><strong>Vbi</strong></span> <span class='ocrx_word' id='word_1_20' title='bbox 2760 912 3225 1001; x_wconf 86' lang='lat' dir='ltr'><strong>Claudium</strong></span> <span class='ocrx_word' id='word_1_21' title='bbox 3250 967 3278 1017; x_wconf 85' lang='lat'><em>,</em></span> <span class='ocrx_word' id='word_1_22' title='bbox 3352 910 3614 1023; x_wconf 87' lang='lat' dir='ltr'><strong>plena</strong></span> <span class='ocrx_word' id='word_1_23' title='bbox 3650 911 3845 1001; x_wconf 78' lang='lat' dir='ltr'><strong>sunt.</strong></span> 
     </span>
     <span class='ocr_line' id='line_1_5' title="bbox 1273 1040 3843 1155; baseline 0 -29"><span class='ocrx_word' id='word_1_24' title='bbox 1273 1042 1596 1129; x_wconf 75' lang='lat' dir='ltr'><strong>munia</strong></span> <span class='ocrx_word' id='word_1_25' title='bbox 1664 1042 2022 1129; x_wconf 87' lang='lat' dir='ltr'><strong>stultitia</strong></span> <span class='ocrx_word' id='word_1_26' title='bbox 2093 1098 2120 1148; x_wconf 88' lang='lat'>‚</span> <span class='ocrx_word' id='word_1_27' title='bbox 2227 1041 2372 1124; x_wconf 91' lang='lat' dir='ltr'><strong>sed</strong></span> <span class='ocrx_word' id='word_1_28' title='bbox 2452 1059 2553 1128; x_wconf 82' lang='lat' dir='ltr'><strong>vt</strong></span> <span class='ocrx_word' id='word_1_29' title='bbox 2631 1061 2969 1127; x_wconf 87' lang='lat' dir='ltr'><strong>metuas</strong></span> <span class='ocrx_word' id='word_1_30' title='bbox 3055 1066 3167 1126; x_wconf 91' lang='lat' dir='ltr'><strong>ne</strong></span> <span class='ocrx_word' id='word_1_31' title='bbox 3247 1040 3440 1153; x_wconf 87' lang='lat' dir='ltr'><strong>plus</strong></span> <span class='ocrx_word' id='word_1_32' title='bbox 3508 1041 3843 1155; x_wconf 86' lang='lat' dir='ltr'><strong>ingenii</strong></span> 
     </span>
     <span class='ocr_line' id='line_1_6' title="bbox 1237 1166 3875 1281; baseline 0.001 -28"><span class='ocrx_word' id='word_1_33' title='bbox 1237 1206 1244 1225; x_wconf 82' lang='lat'><strong>·</strong></span> <span class='ocrx_word' id='word_1_34' title='bbox 1289 1190 1383 1255; x_wconf 91' lang='lat' dir='ltr'><strong>et</strong></span> <span class='ocrx_word' id='word_1_35' title='bbox 1423 1169 1754 1281; x_wconf 90' lang='lat' dir='ltr'><strong>leporis</strong></span> <span class='ocrx_word' id='word_1_36' title='bbox 1788 1172 1882 1266; x_wconf 86' lang='lat' dir='ltr'><strong>in</strong></span> <span class='ocrx_word' id='word_1_37' title='bbox 1923 1168 2296 1261; x_wconf 84' lang='lat' dir='ltr'><strong>Claudio</strong></span> <span class='ocrx_word' id='word_1_38' title='bbox 2333 1166 2623 1255; x_wconf 90' lang='lat' dir='ltr'><strong>fuerit.</strong></span> <span class='ocrx_word' id='word_1_39' title='bbox 2701 1173 2808 1255; x_wconf 88' lang='lat' dir='ltr'><strong>In</strong></span> <span class='ocrx_word' id='word_1_40' title='bbox 2861 1171 3236 1259; x_wconf 84' lang='lat' dir='ltr'>Nerone</span> <span class='ocrx_word' id='word_1_41' title='bbox 3274 1169 3639 1256; x_wconf 81' lang='lat' dir='ltr'><strong>efferata</strong></span> <span class='ocrx_word' id='word_1_42' title='bbox 3674 1173 3875 1255; x_wconf 55' lang='lat' dir='ltr'><strong>ime</strong></span> 
     </span>
     <span class='ocr_line' id='line_1_7' title="bbox 1282 1297 3845 1411; baseline -0 -28"><span class='ocrx_word' id='word_1_43' title='bbox 1282 1301 1664 1385; x_wconf 85' lang='lat' dir='ltr'><strong>manitas</strong></span> <span class='ocrx_word' id='word_1_44' title='bbox 1720 1299 1993 1386; x_wconf 85' lang='lat' dir='ltr'><strong>etiam</strong></span> <span class='ocrx_word' id='word_1_45' title='bbox 2028 1299 2601 1410; x_wconf 85' lang='lat' dir='ltr'><strong>quinquennii</strong></span> <span class='ocrx_word' id='word_1_46' title='bbox 2641 1351 2667 1404; x_wconf 85' lang='lat'>‚</span> <span class='ocrx_word' id='word_1_47' title='bbox 2702 1314 2711 1323; x_wconf 89' lang='grc'><em>“</em></span> <span class='ocrx_word' id='word_1_48' title='bbox 2745 1297 2894 1386; x_wconf 92' lang='lat' dir='ltr'><strong>sed</strong></span> <span class='ocrx_word' id='word_1_49' title='bbox 2928 1317 3029 1385; x_wconf 77' lang='lat' dir='ltr'><strong>vt</strong></span> <span class='ocrx_word' id='word_1_50' title='bbox 3070 1322 3348 1411; x_wconf 89' lang='lat' dir='ltr'><strong>neque</strong></span> <span class='ocrx_word' id='word_1_51' title='bbox 3424 1298 3608 1409; x_wconf 90' lang='lat' dir='ltr'><strong>ipse</strong></span> <span class='ocrx_word' id='word_1_52' title='bbox 3658 1319 3845 1384; x_wconf 85' lang='lat' dir='ltr'><strong>tam</strong></span> 
     </span>
     <span class='ocr_line' id='line_1_8' title="bbox 1271 1425 3840 1538; baseline 0 -28"><span class='ocrx_word' id='word_1_53' title='bbox 1271 1446 1608 1513; x_wconf 71' lang='lat' dir='ltr'><strong>‘vecors</strong></span> <span class='ocrx_word' id='word_1_54' title='bbox 1641 1425 1924 1533; x_wconf 77' lang='lat' dir='ltr'><strong>fuisse,</strong></span> <span class='ocrx_word' id='word_1_55' title='bbox 2005 1451 2290 1538; x_wconf 89' lang='lat' dir='ltr'><strong>neque</strong></span> <span class='ocrx_word' id='word_1_56' title='bbox 2324 1444 2559 1515; x_wconf 84' lang='lat' dir='ltr'><strong>artes</strong></span> <span class='ocrx_word' id='word_1_57' title='bbox 2596 1427 2772 1511; x_wconf 86' lang='lat' dir='ltr'><strong>eius</strong></span> <span class='ocrx_word' id='word_1_58' title='bbox 2808 1445 3164 1512; x_wconf 84' lang='lat' dir='ltr'><strong>tantum</strong></span> <span class='ocrx_word' id='word_1_59' title='bbox 3236 1427 3840 1537; x_wconf 71' lang='lat' dir='ltr'><strong>vituperatio-</strong></span> 
     </span>
     <span class='ocr_line' id='line_1_9' title="bbox 1275 1550 3853 1666; baseline -0.001 -25"><span class='ocrx_word' id='word_1_60' title='bbox 1275 1554 1416 1641; x_wconf 80' lang='lat' dir='ltr'><strong>nis</strong></span> <span class='ocrx_word' id='word_1_61' title='bbox 1458 1553 1861 1640; x_wconf 86' lang='lat' dir='ltr'><strong>meruisse</strong></span> <span class='ocrx_word' id='word_1_62' title='bbox 1912 1554 2405 1641; x_wconf 79' lang='lat' dir='ltr'><strong>videantur.</strong></span> <span class='ocrx_word' id='word_1_63' title='bbox 2537 1553 2750 1641; x_wconf 85' lang='lat' dir='ltr'><strong>Erat</strong></span> <span class='ocrx_word' id='word_1_64' title='bbox 2786 1554 3056 1640; x_wconf 87' lang='lat' dir='ltr'><strong>isthuc</strong></span> <span class='ocrx_word' id='word_1_65' title='bbox 3087 1550 3463 1639; x_wconf 87' lang='lat' dir='ltr'><strong>seculum</strong></span> <span class='ocrx_word' id='word_1_66' title='bbox 3490 1606 3517 1659; x_wconf 82' lang='lat'>‚</span> <span class='ocrx_word' id='word_1_67' title='bbox 3558 1553 3853 1666; x_wconf 66' lang='lat' dir='ltr'><strong>inquo,</strong></span> 
     </span>
     <span class='ocr_line' id='line_1_10' title="bbox 1286 1679 3845 1795; baseline 0.002 -32"><span class='ocrx_word' id='word_1_68' title='bbox 1286 1681 1796 1795; x_wconf 83' lang='lat' dir='ltr'>eloquentia</span> <span class='ocrx_word' id='word_1_69' title='bbox 1835 1680 2066 1792; x_wconf 87' lang='lat' dir='ltr'><strong>pulsa</strong></span> <span class='ocrx_word' id='word_1_70' title='bbox 2101 1679 2309 1766; x_wconf 87' lang='lat' dir='ltr'><strong>foro</strong></span> <span class='ocrx_word' id='word_1_71' title='bbox 2343 1737 2371 1791; x_wconf 86' lang='lat'>,</span> <span class='ocrx_word' id='word_1_72' title='bbox 2437 1694 3002 1770; x_wconf 81' lang='lat' dir='ltr'><strong>contemtum</strong></span> <span class='ocrx_word' id='word_1_73' title='bbox 3051 1681 3290 1768; x_wconf 88' lang='lat' dir='ltr'><strong>suum</strong></span> <span class='ocrx_word' id='word_1_74' title='bbox 3340 1682 3845 1771; x_wconf 76' lang='lat' dir='ltr'><strong>vindicabat</strong></span> 
     </span>
     <span class='ocr_line' id='line_1_11' title="bbox 1283 1796 3847 1921; baseline -0.001 -24"><span class='ocrx_word' id='word_1_75' title='bbox 1283 1808 1671 1898; x_wconf 81' lang='lat' dir='ltr'><strong>historiis</strong></span> <span class='ocrx_word' id='word_1_76' title='bbox 1705 1834 1905 1896; x_wconf 88' lang='lat' dir='ltr'><strong>curn</strong></span> <span class='ocrx_word' id='word_1_77' title='bbox 1945 1811 2289 1920; x_wconf 89' lang='lat' dir='ltr'><strong>flagitio</strong></span> <span class='ocrx_word' id='word_1_78' title='bbox 2328 1809 2842 1921; x_wconf 77' lang='lat' dir='ltr'><strong>prodendiS.</strong></span> <span class='ocrx_word' id='word_1_79' title='bbox 3008 1796 3126 1898; x_wconf 86' lang='lat' dir='ltr'><strong>Et</strong></span> <span class='ocrx_word' id='word_1_80' title='bbox 3159 1802 3518 1895; x_wconf 83' lang='lat' dir='ltr'><strong>libertas</strong></span> <span class='ocrx_word' id='word_1_81' title='bbox 3555 1807 3703 1894; x_wconf 88' lang='lat' dir='ltr'><strong>illa</strong></span> <span class='ocrx_word' id='word_1_82' title='bbox 3749 1835 3847 1894; x_wconf 89' lang='lat' dir='ltr'><strong>e-</strong></span> 
     </span>
     <span class='ocr_line' id='line_1_12' title="bbox 1281 1936 3857 2050; baseline 0.001 -26"><span class='ocrx_word' id='word_1_83' title='bbox 1281 1950 1427 2024; x_wconf 81' lang='lat' dir='ltr'><strong>fat</strong></span> <span class='ocrx_word' id='word_1_84' title='bbox 1477 1993 1503 2044; x_wconf 86' lang='grc'>,</span> <span class='ocrx_word' id='word_1_85' title='bbox 1571 1940 1720 2026; x_wconf 93' lang='lat' dir='ltr'><strong>sed</strong></span> <span class='ocrx_word' id='word_1_86' title='bbox 1766 1957 2087 2049; x_wconf 79' lang='lat' dir='ltr'><strong>quanta</strong></span> <span class='ocrx_word' id='word_1_87' title='bbox 2133 1939 2274 2025; x_wconf 89' lang='lat' dir='ltr'><strong>sub</strong></span> <span class='ocrx_word' id='word_1_88' title='bbox 2314 1939 2732 2027; x_wconf 64' lang='lat' dir='ltr'><strong>strictiori</strong></span> <span class='ocrx_word' id='word_1_89' title='bbox 2770 1939 3163 2050; x_wconf 86' lang='lat' dir='ltr'><strong>imperio</strong></span> <span class='ocrx_word' id='word_1_90' title='bbox 3206 1936 3377 2022; x_wconf 85' lang='lat' dir='ltr'><strong>effe</strong></span> <span class='ocrx_word' id='word_1_91' title='bbox 3417 1941 3714 2049; x_wconf 87' lang='lat' dir='ltr'><strong>potuit</strong></span> <span class='ocrx_word' id='word_1_92' title='bbox 3753 1965 3857 2026; x_wconf 85' lang='lat' dir='ltr'><strong>a·-</strong></span> 
     </span>
     <span class='ocr_line' id='line_1_13' title="bbox 1282 2060 3855 2177; baseline 0.003 -26"><span class='ocrx_word' id='word_1_93' title='bbox 1282 2060 1669 2153; x_wconf 82' lang='lat' dir='ltr'><strong>dulantis</strong></span> <span class='ocrx_word' id='word_1_94' title='bbox 1713 2066 2066 2175; x_wconf 80' lang='lat' dir='ltr'><strong>occulte</strong></span> <span class='ocrx_word' id='word_1_95' title='bbox 2107 2069 2538 2154; x_wconf 83' lang='lat' dir='ltr'><strong>maiestati</strong></span> <span class='ocrx_word' id='word_1_96' title='bbox 2567 2068 2816 2155; x_wconf 82' lang='lat' dir='ltr'><strong>vnius</strong></span> <span class='ocrx_word' id='word_1_97' title='bbox 2859 2121 2885 2172; x_wconf 86' lang='grc'>,</span> <span class='ocrx_word' id='word_1_98' title='bbox 2956 2069 3049 2157; x_wconf 89' lang='lat' dir='ltr'><strong>in</strong></span> <span class='ocrx_word' id='word_1_99' title='bbox 3092 2083 3641 2170; x_wconf 85' lang='lat' dir='ltr'><strong>ceterorum,</strong></span> <span class='ocrx_word' id='word_1_100' title='bbox 3702 2066 3855 2177; x_wconf 77' lang='lat' dir='ltr'><strong>qui</strong></span> 
     </span>
    </p>
   </div>
   <div class='ocr_carea' id='block_1_4' title="bbox 1187 2194 3853 2308">
    <p class='ocr_par' dir='ltr' id='par_1_4' title="bbox 1187 2194 3853 2308">
     <span class='ocr_line' id='line_1_14' title="bbox 1187 2194 3853 2308; baseline -0 -27"><span class='ocrx_word' id='word_1_101' title='bbox 1187 2267 1211 2287; x_wconf 64' lang='grc'>,</span> <span class='ocrx_word' id='word_1_102' title='bbox 1279 2198 1737 2281; x_wconf 69' lang='lat' dir='ltr'><strong>unte&#39;eum</strong></span> <span class='ocrx_word' id='word_1_103' title='bbox 1767 2195 2116 2281; x_wconf 61' lang='lat' dir='ltr'><strong>fixerunt</strong></span> <span class='ocrx_word' id='word_1_104' title='bbox 2154 2194 2607 2285; x_wconf 89' lang='lat' dir='ltr'><strong>illustriori</strong></span> <span class='ocrx_word' id='word_1_105' title='bbox 2637 2196 2738 2283; x_wconf 86' lang='lat' dir='ltr'><strong>ab</strong></span> <span class='ocrx_word' id='word_1_106' title='bbox 2775 2196 3040 2308; x_wconf 87' lang='lat' dir='ltr'><strong>stirpe</strong></span> <span class='ocrx_word' id='word_1_107' title='bbox 3083 2196 3269 2283; x_wconf 87' lang='lat' dir='ltr'><strong>orti</strong></span> <span class='ocrx_word' id='word_1_108' title='bbox 3305 2248 3331 2299; x_wconf 88' lang='lat'>‚</span> <span class='ocrx_word' id='word_1_109' title='bbox 3369 2195 3609 2281; x_wconf 82' lang='lat' dir='ltr'><strong>vitiis</strong></span> <span class='ocrx_word' id='word_1_110' title='bbox 3628 2218 3853 2304; x_wconf 71' lang='lat' dir='ltr'><strong>pro·</strong></span> 
     </span>
    </p>
   </div>
   <div class='ocr_carea' id='block_1_5' title="bbox 1271 2319 3855 3853">
    <p class='ocr_par' dir='ltr' id='par_1_5' title="bbox 1271 2319 3855 3853">
     <span class='ocr_line' id='line_1_15' title="bbox 1279 2319 3848 2436; baseline 0.002 -31"><span class='ocrx_word' id='word_1_111' title='bbox 1279 2319 1686 2410; x_wconf 78' lang='lat' dir='ltr'><strong>serendis,</strong></span> <span class='ocrx_word' id='word_1_112' title='bbox 1817 2324 2115 2431; x_wconf 83' lang='lat' dir='ltr'><strong>Ita‚ne</strong></span> <span class='ocrx_word' id='word_1_113' title='bbox 2170 2325 2377 2436; x_wconf 92' lang='lat' dir='ltr'><strong>quid</strong></span> <span class='ocrx_word' id='word_1_114' title='bbox 2430 2322 2946 2410; x_wconf 85' lang='lat' dir='ltr'><strong>diffimulem</strong></span> <span class='ocrx_word' id='word_1_115' title='bbox 2997 2378 3025 2430; x_wconf 89' lang='lat'>‚</span> <span class='ocrx_word' id='word_1_116' title='bbox 3106 2322 3361 2410; x_wconf 85' lang='lat' dir='ltr'><strong>nobis</strong></span> <span class='ocrx_word' id='word_1_117' title='bbox 3393 2324 3744 2411; x_wconf 79' lang='lat' dir='ltr'><strong>videtur</strong></span> <span class='ocrx_word' id='word_1_118' title='bbox 3806 2378 3848 2433; x_wconf 77' lang='lat'><em>,</em></span> 
     </span>
     <span class='ocr_line' id='line_1_16' title="bbox 1279 2449 3855 2565; baseline 0.002 -28"><span class='ocrx_word' id='word_1_119' title='bbox 1279 2455 1643 2563; x_wconf 87' lang='lat' dir='ltr'><strong>quoties</strong></span> <span class='ocrx_word' id='word_1_120' title='bbox 1735 2449 2262 2543; x_wconf 86' lang='lat' dir='ltr'><strong>Cornelium</strong></span> <span class='ocrx_word' id='word_1_121' title='bbox 2315 2455 2721 2540; x_wconf 87' lang='lat' dir='ltr'><strong>Tacitum</strong></span> <span class='ocrx_word' id='word_1_122' title='bbox 2792 2452 3205 2565; x_wconf 85' lang='lat' dir='ltr'><strong>legimus:</strong></span> <span class='ocrx_word' id='word_1_123' title='bbox 3282 2476 3466 2537; x_wconf 88' lang='lat' dir='ltr'><strong>non</strong></span> <span class='ocrx_word' id='word_1_124' title='bbox 3503 2507 3530 2560; x_wconf 87' lang='lat'>‚</span> <span class='ocrx_word' id='word_1_125' title='bbox 3608 2452 3855 2565; x_wconf 83' lang='lat' dir='ltr'><strong>quod</strong></span> 
     </span>
     <span class='ocr_line' id='line_1_17' title="bbox 1271 2580 3848 2695; baseline 0.001 -28"><span class='ocrx_word' id='word_1_126' title='bbox 1271 2601 2261 2695; x_wconf 76' lang='lat' dir='ltr'><strong>putamu5‚quemquam</strong></span> <span class='ocrx_word' id='word_1_127' title='bbox 2314 2580 2614 2690; x_wconf 85' lang='lat' dir='ltr'><strong>alium,</strong></span> <span class='ocrx_word' id='word_1_128' title='bbox 2648 2580 2794 2692; x_wconf 91' lang='lat' dir='ltr'><strong>qui</strong></span> <span class='ocrx_word' id='word_1_129' title='bbox 2849 2607 2987 2669; x_wconf 86' lang='lat' dir='ltr'><strong>res</strong></span> <span class='ocrx_word' id='word_1_130' title='bbox 3033 2581 3307 2690; x_wconf 82' lang='lat' dir='ltr'><strong>gestas</strong></span> <span class='ocrx_word' id='word_1_131' title='bbox 3347 2584 3848 2669; x_wconf 74' lang='lat' dir='ltr'><strong>memoriae</strong></span> 
     </span>
     <span class='ocr_line' id='line_1_18' title="bbox 1273 2704 3839 2825; baseline 0 -29"><span class='ocrx_word' id='word_1_132' title='bbox 1273 2709 1734 2823; x_wconf 84' lang='lat' dir='ltr'>prodidit,</span> <span class='ocrx_word' id='word_1_133' title='bbox 1774 2737 1822 2799; x_wconf 82' lang='lat' dir='ltr'><strong>a</strong></span> <span class='ocrx_word' id='word_1_134' title='bbox 1861 2704 2416 2825; x_wconf 84' lang='lat' dir='ltr'><strong>praeiudicio</strong></span> <span class='ocrx_word' id='word_1_135' title='bbox 2457 2708 2696 2798; x_wconf 71' lang='lat' dir='ltr'><strong>fiiiss‘e</strong></span> <span class='ocrx_word' id='word_1_136' title='bbox 2740 2732 3108 2795; x_wconf 80' lang='lat' dir='ltr'><strong>vacuum</strong></span> <span class='ocrx_word' id='word_1_137' title='bbox 3126 2712 3443 2812; x_wconf 82' lang='lat' dir='ltr'><strong>(maius</strong></span> <span class='ocrx_word' id='word_1_138' title='bbox 3481 2708 3660 2794; x_wconf 86' lang='lat' dir='ltr'><strong>hoc</strong></span> <span class='ocrx_word' id='word_1_139' title='bbox 3685 2711 3839 2817; x_wconf 87' lang='lat' dir='ltr'><strong>est,</strong></span> 
     </span>
     <span class='ocr_line' id='line_1_19' title="bbox 1275 2837 3851 2952; baseline 0.003 -31"><span class='ocrx_word' id='word_1_140' title='bbox 1275 2862 1546 2951; x_wconf 86' lang='lat' dir='ltr'><strong>quam</strong></span> <span class='ocrx_word' id='word_1_141' title='bbox 1595 2860 1697 2926; x_wconf 73' lang='lat' dir='ltr'><strong>vt</strong></span> <span class='ocrx_word' id='word_1_142' title='bbox 1756 2840 1858 2926; x_wconf 84' lang='lat' dir='ltr'><strong>ab</strong></span> <span class='ocrx_word' id='word_1_143' title='bbox 1908 2841 2279 2929; x_wconf 90' lang='lat' dir='ltr'><strong>homine</strong></span> <span class='ocrx_word' id='word_1_144' title='bbox 2339 2837 2759 2952; x_wconf 85' lang='lat' dir='ltr'><strong>postules)</strong></span> <span class='ocrx_word' id='word_1_145' title='bbox 2793 2840 2937 2924; x_wconf 92' lang='lat' dir='ltr'><strong>sed</strong></span> <span class='ocrx_word' id='word_1_146' title='bbox 3011 2892 3038 2945; x_wconf 85' lang='lat'>‚</span> <span class='ocrx_word' id='word_1_147' title='bbox 3117 2841 3504 2950; x_wconf 83' lang='lat' dir='ltr'><strong>quodita</strong></span> <span class='ocrx_word' id='word_1_148' title='bbox 3539 2837 3851 2927; x_wconf 84' lang='lat' dir='ltr'><strong>induxi</strong></span> 
     </span>
     <span class='ocr_line' id='line_1_20' title="bbox 1278 2967 3854 3078; baseline 0 -23"><span class='ocrx_word' id='word_1_149' title='bbox 1278 2969 1676 3055; x_wconf 80' lang='lat' dir='ltr'><strong>animum</strong></span> <span class='ocrx_word' id='word_1_150' title='bbox 1705 3023 1739 3077; x_wconf 83' lang='lat'><strong>.‚</strong></span> <span class='ocrx_word' id='word_1_151' title='bbox 1816 2989 1916 3055; x_wconf 76' lang='lat' dir='ltr'><strong>vt</strong></span> <span class='ocrx_word' id='word_1_152' title='bbox 1952 2967 3013 3075; x_wconf 59' lang='lat' dir='ltr'><strong>existimemssornelium</strong></span> <span class='ocrx_word' id='word_1_153' title='bbox 3060 2989 3527 3078; x_wconf 87' lang='lat' dir='ltr'><strong>praeterea</strong></span> <span class='ocrx_word' id='word_1_154' title='bbox 3576 2967 3854 3056; x_wconf 86' lang='lat' dir='ltr'><strong>etiam</strong></span> 
     </span>
     <span class='ocr_line' id='line_1_21' title="bbox 1279 3094 3848 3210; baseline -0.001 -24"><span class='ocrx_word' id='word_1_155' title='bbox 1279 3096 1377 3186; x_wconf 88' lang='lat' dir='ltr'><strong>in</strong></span> <span class='ocrx_word' id='word_1_156' title='bbox 1412 3094 1696 3182; x_wconf 88' lang='lat' dir='ltr'><strong>aliena</strong></span> <span class='ocrx_word' id='word_1_157' title='bbox 1736 3098 2288 3210; x_wconf 85' lang='lat' dir='ltr'><strong>turpitudine</strong></span> <span class='ocrx_word' id='word_1_158' title='bbox 2320 3100 2687 3208; x_wconf 88' lang='lat' dir='ltr'><strong>ingenio</strong></span> <span class='ocrx_word' id='word_1_159' title='bbox 2723 3096 3182 3184; x_wconf 80' lang='lat' dir='ltr'><strong>indulfifl‘e.</strong></span> <span class='ocrx_word' id='word_1_160' title='bbox 3246 3097 3494 3184; x_wconf 86' lang='lat' dir='ltr'><strong>Dum</strong></span> <span class='ocrx_word' id='word_1_161' title='bbox 3547 3098 3848 3184; x_wconf 86' lang='lat' dir='ltr'><strong>Traia·</strong></span> 
     </span>
     <span class='ocr_line' id='line_1_22' title="bbox 1285 3224 3847 3341; baseline 0 -30"><span class='ocrx_word' id='word_1_162' title='bbox 1285 3249 1414 3311; x_wconf 89' lang='lat' dir='ltr'><strong>no</strong></span> <span class='ocrx_word' id='word_1_163' title='bbox 1451 3224 1583 3309; x_wconf 90' lang='lat' dir='ltr'><strong>illi</strong></span> <span class='ocrx_word' id='word_1_164' title='bbox 1611 3226 1761 3313; x_wconf 92' lang='lat' dir='ltr'><strong>suo</strong></span> <span class='ocrx_word' id='word_1_165' title='bbox 1806 3228 2172 3341; x_wconf 90' lang='lat' dir='ltr'><strong>optimo</strong></span> <span class='ocrx_word' id='word_1_166' title='bbox 2209 3227 2658 3339; x_wconf 65' lang='lat' dir='ltr'><strong>principie,</strong></span> <span class='ocrx_word' id='word_1_167' title='bbox 2737 3244 2838 3313; x_wconf 83' lang='lat' dir='ltr'><strong>vt</strong></span> <span class='ocrx_word' id='word_1_168' title='bbox 2891 3225 3374 3331; x_wconf 79' lang='lat' dir='ltr'><strong>vocabant,</strong></span> <span class='ocrx_word' id='word_1_169' title='bbox 3409 3224 3847 3312; x_wconf 83' lang='lat' dir='ltr'><strong>vitiorum</strong></span> 
     </span>
     <span class='ocr_line' id='line_1_23' title="bbox 1285 3351 3849 3465; baseline -0.002 -23"><span class='ocrx_word' id='word_1_170' title='bbox 1285 3370 1383 3443; x_wconf 86' lang='lat' dir='ltr'><strong>et</strong></span> <span class='ocrx_word' id='word_1_171' title='bbox 1455 3355 1852 3464; x_wconf 87' lang='lat' dir='ltr'><strong>publicae</strong></span> <span class='ocrx_word' id='word_1_172' title='bbox 1909 3355 2598 3465; x_wconf 83' lang='lat' dir='ltr'><strong>vituperationis</strong></span> <span class='ocrx_word' id='word_1_173' title='bbox 2649 3352 3057 3459; x_wconf 64' lang='lat' dir='ltr'><strong>maculas»,</strong></span> <span class='ocrx_word' id='word_1_174' title='bbox 3096 3352 3374 3438; x_wconf 82' lang='lat' dir='ltr'><strong>veluti</strong></span> <span class='ocrx_word' id='word_1_175' title='bbox 3404 3351 3687 3436; x_wconf 87' lang='lat' dir='ltr'><strong>bonus</strong></span> <span class='ocrx_word' id='word_1_176' title='bbox 3720 3354 3849 3437; x_wconf 73' lang='lat' dir='ltr'><strong>ci·</strong></span> 
     </span>
     <span class='ocr_line' id='line_1_24' title="bbox 1282 3481 3843 3602; baseline 0 -35"><span class='ocrx_word' id='word_1_177' title='bbox 1282 3484 1412 3567; x_wconf 85' lang='lat' dir='ltr'><strong>uis</strong></span> <span class='ocrx_word' id='word_1_178' title='bbox 1446 3498 1536 3564; x_wconf 89' lang='lat' dir='ltr'><strong>et</strong></span> <span class='ocrx_word' id='word_1_179' title='bbox 1579 3487 1918 3594; x_wconf 82' lang='lat' dir='ltr'><strong>patriae</strong></span> <span class='ocrx_word' id='word_1_180' title='bbox 1955 3507 2248 3602; x_wconf 84' lang='lat' dir='ltr'><strong>amans</strong></span> <span class='ocrx_word' id='word_1_181' title='bbox 2307 3484 2409 3568; x_wconf 85' lang='lat' dir='ltr'><strong>ab</strong></span> <span class='ocrx_word' id='word_1_182' title='bbox 2466 3482 2718 3566; x_wconf 87' lang='lat' dir='ltr'><strong>omni</strong></span> <span class='ocrx_word' id='word_1_183' title='bbox 2793 3503 3046 3593; x_wconf 80' lang='lat' dir='ltr'><strong>parte</strong></span> <span class='ocrx_word' id='word_1_184' title='bbox 3086 3499 3487 3566; x_wconf 81' lang='lat' dir='ltr'><strong>accurate</strong></span> <span class='ocrx_word' id='word_1_185' title='bbox 3523 3481 3843 3591; x_wconf 85' lang='lat' dir='ltr'><strong>pingit,</strong></span> 
     </span>
     <span class='ocr_line' id='line_1_25' title="bbox 1286 3608 3849 3724; baseline 0 -27"><span class='ocrx_word' id='word_1_186' title='bbox 1286 3609 1393 3697; x_wconf 79' lang='lat' dir='ltr'><strong>ab</strong></span> <span class='ocrx_word' id='word_1_187' title='bbox 1437 3634 1718 3724; x_wconf 88' lang='lat' dir='ltr'><strong>aequo</strong></span> <span class='ocrx_word' id='word_1_188' title='bbox 1791 3632 1884 3700; x_wconf 91' lang='lat' dir='ltr'><strong>et</strong></span> <span class='ocrx_word' id='word_1_189' title='bbox 1919 3637 2144 3700; x_wconf 78' lang='lat' dir='ltr'><strong>vero</strong></span> <span class='ocrx_word' id='word_1_190' title='bbox 2204 3611 2595 3700; x_wconf 66' lang='lat' dir='ltr'><strong>defledtit</strong></span> <span class='ocrx_word' id='word_1_191' title='bbox 2633 3608 2741 3693; x_wconf 86' lang='lat' dir='ltr'><strong>ad</strong></span> <span class='ocrx_word' id='word_1_192' title='bbox 2777 3609 3389 3721; x_wconf 79' lang='lat' dir='ltr'><strong>philosophiae</strong></span> <span class='ocrx_word' id='word_1_193' title='bbox 3426 3613 3849 3720; x_wconf 82' lang='lat' dir='ltr'><strong>quaedam</strong></span> 
     </span>
     <span class='ocr_line' id='line_1_26' title="bbox 1283 3737 3850 3853; baseline 0.001 -32"><span class='ocrx_word' id='word_1_194' title='bbox 1283 3760 1804 3852; x_wconf 87' lang='lat' dir='ltr'><strong>praecepta.</strong></span> <span class='ocrx_word' id='word_1_195' title='bbox 2010 3741 2149 3829; x_wconf 88' lang='lat' dir='ltr'><strong>Ita</strong></span> <span class='ocrx_word' id='word_1_196' title='bbox 2190 3741 2578 3853; x_wconf 76' lang='lat' dir='ltr'><strong>Traiano</strong></span> <span class='ocrx_word' id='word_1_197' title='bbox 2621 3761 2894 3827; x_wconf 89' lang='lat' dir='ltr'><strong>nemo</strong></span> <span class='ocrx_word' id='word_1_198' title='bbox 2929 3737 3254 3830; x_wconf 68' lang='lat' dir='ltr'><strong>melior</strong></span> <span class='ocrx_word' id='word_1_199' title='bbox 3276 3792 3302 3843; x_wconf 85' lang='lat'><em>‚</em></span> <span class='ocrx_word' id='word_1_200' title='bbox 3384 3756 3573 3822; x_wconf 87' lang='lat' dir='ltr'><strong>erat</strong></span> <span class='ocrx_word' id='word_1_201' title='bbox 3610 3743 3850 3823; x_wconf 86' lang='lat' dir='ltr'><strong>enim</strong></span> 
     </span>
    </p>
   </div>
   <div class='ocr_carea' id='block_1_6' title="bbox 1243 3864 4048 4112">
    <p class='ocr_par' dir='ltr' id='par_1_6' title="bbox 1243 3864 4048 4112">
     <span class='ocr_line' id='line_1_27' title="bbox 1243 3864 3851 3976; baseline 0 -25"><span class='ocrx_word' id='word_1_202' title='bbox 1243 3921 1249 3927; x_wconf 87' lang='lat'>-</span> <span class='ocrx_word' id='word_1_203' title='bbox 1291 3869 1689 3975; x_wconf 89' lang='lat' dir='ltr'><strong>optimus</strong></span> <span class='ocrx_word' id='word_1_204' title='bbox 1726 3903 1744 3956; x_wconf 89' lang='lat'>:</span> <span class='ocrx_word' id='word_1_205' title='bbox 1819 3870 1949 3954; x_wconf 85' lang='lat' dir='ltr'><strong>ita</strong></span> <span class='ocrx_word' id='word_1_206' title='bbox 1983 3865 2339 3953; x_wconf 85' lang='lat' dir='ltr'><strong>incendi</strong></span> <span class='ocrx_word' id='word_1_207' title='bbox 2380 3869 2490 3953; x_wconf 85' lang='lat' dir='ltr'><strong>ad</strong></span> <span class='ocrx_word' id='word_1_208' title='bbox 2526 3865 2957 3953; x_wconf 79' lang='lat' dir='ltr'><strong>virtutem</strong></span> <span class='ocrx_word' id='word_1_209' title='bbox 2997 3864 3518 3952; x_wconf 82' lang='lat' dir='ltr'><strong>videbantur</strong></span> <span class='ocrx_word' id='word_1_210' title='bbox 3552 3918 3578 3969; x_wconf 88' lang='lat'>‚</span> <span class='ocrx_word' id='word_1_211' title='bbox 3630 3887 3851 3976; x_wconf 82' lang='lat' dir='ltr'><strong>quae</strong></span> 
     </span>
     <span class='ocr_line' id='line_1_28' title="bbox 1283 3991 4048 4112; baseline 0.001 -35"><span class='ocrx_word' id='word_1_212' title='bbox 1283 3994 1600 4106; x_wconf 85' lang='lat' dir='ltr'><strong>postea</strong></span> <span class='ocrx_word' id='word_1_213' title='bbox 1674 4014 1930 4083; x_wconf 86' lang='lat' dir='ltr'><strong>erant</strong></span> <span class='ocrx_word' id='word_1_214' title='bbox 1985 3995 2274 4082; x_wconf 83' lang='lat' dir='ltr'><strong>futura</strong></span> <span class='ocrx_word' id='word_1_215' title='bbox 2313 3996 2816 4108; x_wconf 85' lang='lat' dir='ltr'><strong>principum</strong></span> <span class='ocrx_word' id='word_1_216' title='bbox 2871 3993 3165 4079; x_wconf 87' lang='lat' dir='ltr'><strong>studia.</strong></span> <span class='ocrx_word' id='word_1_217' title='bbox 3307 3991 3480 4081; x_wconf 91' lang='lat' dir='ltr'><strong>Sed</strong></span> <span class='ocrx_word' id='word_1_218' title='bbox 3527 4017 3628 4077; x_wconf 88' lang='lat' dir='ltr'><strong>ea</strong></span> <span class='ocrx_word' id='word_1_219' title='bbox 3665 4013 3895 4081; x_wconf 43' lang='lat' dir='ltr'><strong>non*</strong></span> <span class='ocrx_word' id='word_1_220' title='bbox 4018 4058 4048 4112; x_wconf 32' lang='lat'><strong>.-</strong></span> 
     </span>
    </p>
   </div>
   <div class='ocr_carea' id='block_1_7' title="bbox 1286 4121 3854 4236">
    <p class='ocr_par' dir='ltr' id='par_1_7' title="bbox 1286 4121 3854 4236">
     <span class='ocr_line' id='line_1_29' title="bbox 1286 4121 3854 4236; baseline 0 -28"><span class='ocrx_word' id='word_1_221' title='bbox 1286 4121 1453 4208; x_wconf 83' lang='lat' dir='ltr'><strong>fuit</strong></span> <span class='ocrx_word' id='word_1_222' title='bbox 1493 4149 1789 4210; x_wconf 88' lang='lat' dir='ltr'><strong>rerum</strong></span> <span class='ocrx_word' id='word_1_223' title='bbox 1827 4125 2539 4236; x_wconf 87' lang='lat' dir='ltr'><strong>prodendarum‚</strong></span> <span class='ocrx_word' id='word_1_224' title='bbox 2615 4141 2714 4208; x_wconf 83' lang='lat' dir='ltr'><strong>vt</strong></span> <span class='ocrx_word' id='word_1_225' title='bbox 2755 4124 3038 4233; x_wconf 87' lang='lat' dir='ltr'><strong>gestae</strong></span> <span class='ocrx_word' id='word_1_226' title='bbox 3073 4121 3293 4225; x_wconf 88' lang='lat' dir='ltr'><strong>sunt,</strong></span> <span class='ocrx_word' id='word_1_227' title='bbox 3318 4122 3854 4210; x_wconf 79' lang='lat' dir='ltr'><strong>intemerata</strong></span> 
     </span>
    </p>
   </div>
   <div class='ocr_carea' id='block_1_8' title="bbox 1171 4250 3844 4362">
    <p class='ocr_par' dir='ltr' id='par_1_8' title="bbox 1171 4250 3844 4362">
     <span class='ocr_line' id='line_1_30' title="bbox 1171 4250 3844 4362; baseline -0.001 -26"><span class='ocrx_word' id='word_1_228' title='bbox 1171 4253 1176 4258; x_wconf 84' lang='grc'><strong><em>’</em></strong></span> <span class='ocrx_word' id='word_1_229' title='bbox 1285 4252 1640 4362; x_wconf 86' lang='lat' dir='ltr'><strong>religio.</strong></span> <span class='ocrx_word' id='word_1_230' title='bbox 1781 4258 2213 4341; x_wconf 87' lang='lat' dir='ltr'><strong>Attamen</strong></span> <span class='ocrx_word' id='word_1_231' title='bbox 2237 4277 2423 4337; x_wconf 89' lang='lat' dir='ltr'><strong>non</strong></span> <span class='ocrx_word' id='word_1_232' title='bbox 2453 4255 2575 4337; x_wconf 86' lang='lat' dir='ltr'><strong>ita</strong></span> <span class='ocrx_word' id='word_1_233' title='bbox 2608 4275 2655 4336; x_wconf 88' lang='lat' dir='ltr'><strong>a</strong></span> <span class='ocrx_word' id='word_1_234' title='bbox 2675 4252 3058 4338; x_wconf 82' lang='lat' dir='ltr'><strong>veritate</strong></span> <span class='ocrx_word' id='word_1_235' title='bbox 3083 4251 3440 4336; x_wconf 91' lang='lat' dir='ltr'><strong>desciuit</strong></span> <span class='ocrx_word' id='word_1_236' title='bbox 3459 4250 3844 4354; x_wconf 73' lang='lat' dir='ltr'><strong>TacituS,</strong></span> 
     </span>
    </p>
   </div>
   <div class='ocr_carea' id='block_1_9' title="bbox 1285 4376 3855 4493">
    <p class='ocr_par' dir='ltr' id='par_1_9' title="bbox 1285 4376 3855 4493">
     <span class='ocr_line' id='line_1_31' title="bbox 1285 4376 3855 4493; baseline 0 -31"><span class='ocrx_word' id='word_1_237' title='bbox 1285 4398 1385 4463; x_wconf 81' lang='lat' dir='ltr'><strong>vt</strong></span> <span class='ocrx_word' id='word_1_238' title='bbox 1421 4401 1694 4467; x_wconf 77' lang='lat' dir='ltr'><strong>reset</strong></span> <span class='ocrx_word' id='word_1_239' title='bbox 1733 4380 1953 4472; x_wconf 66' lang='lat' dir='ltr'><strong>faeta</strong></span> <span class='ocrx_word' id='word_1_240' title='bbox 2004 4381 2602 4493; x_wconf 87' lang='lat' dir='ltr'><strong>confingeret.</strong></span> <span class='ocrx_word' id='word_1_241' title='bbox 2769 4379 3083 4467; x_wconf 89' lang='lat' dir='ltr'><strong>Manet</strong></span> <span class='ocrx_word' id='word_1_242' title='bbox 3128 4380 3397 4490; x_wconf 89' lang='lat' dir='ltr'><strong>igitur</strong></span> <span class='ocrx_word' id='word_1_243' title='bbox 3427 4376 3855 4491; x_wconf 83' lang='lat' dir='ltr'><strong>perfidiae</strong></span> 
     </span>
    </p>
   </div>
   <div class='ocr_carea' id='block_1_10' title="bbox 1281 4495 3862 4722">
    <p class='ocr_par' dir='ltr' id='par_1_10' title="bbox 1281 4495 3862 4722">
     <span class='ocr_line' id='line_1_32' title="bbox 1281 4495 3857 4718; baseline -0.003 -119"><span class='ocrx_word' id='word_1_244' title='bbox 1281 4531 1486 4599; x_wconf 70' lang='lat' dir='ltr'><strong>teus</strong></span> <span class='ocrx_word' id='word_1_245' title='bbox 1527 4511 1850 4603; x_wconf 86' lang='lat' dir='ltr'><strong>Manus</strong></span> <span class='ocrx_word' id='word_1_246' title='bbox 1922 4566 1963 4617; x_wconf 83' lang='lat'><strong>,.</strong></span> <span class='ocrx_word' id='word_1_247' title='bbox 2026 4530 2130 4599; x_wconf 78' lang='lat' dir='ltr'><strong>vt</strong></span> <span class='ocrx_word' id='word_1_248' title='bbox 2170 4495 2543 4603; x_wconf 66' lang='lat' dir='ltr'><strong>fortaffis</strong></span> <span class='ocrx_word' id='word_1_249' title='bbox 2603 4527 3011 4599; x_wconf 81' lang='lat' dir='ltr'><strong>nontam</strong></span> <span class='ocrx_word' id='word_1_250' title='bbox 3042 4507 3363 4599; x_wconf 82' lang='lat' dir='ltr'><strong>foedae</strong></span> <span class='ocrx_word' id='word_1_251' title='bbox 3405 4563 3433 4617; x_wconf 86' lang='lat'>,</span> <span class='ocrx_word' id='word_1_252' title='bbox 3508 4503 3857 4718; x_wconf 40' lang='lat' dir='ltr'><strong>quit-lem</strong></span> 
     </span>
     <span class='ocr_line' id='line_1_33' title="bbox 1513 4656 3862 4722; baseline -0.003 4"><span class='ocrx_word' id='word_1_253' title='bbox 1513 4687 1520 4694; x_wconf 93' lang='lat'><strong>·</strong></span> <span class='ocrx_word' id='word_1_254' title='bbox 3684 4656 3862 4722; x_wconf 69' lang='lat' dir='ltr'><strong>acl-a</strong></span> 
     </span>
    </p>
   </div>
  </div>
 </body>
</html>
