4559 5919
851 528 939 633 Ε
1003 524 1459 655 Nfflzs,
1521 521 2169 653 ηιμ-ΤΚΛ
2182 515 2435 619 ΤΑΕ
2509 526 2743 625 m.
2803 48 3296 640 ᾗ

656 754 863 861 vir,
916 752 1385 843 Antonius
1420 751 1753 871 PagiuS.
1889 749 2179 865 Quare
2220 741 2436 831 nihil
2471 742 2975 860 huiusmodi
3017 743 3267 831 nobis

676 883 790 968 de
831 907 1106 977 numo
1138 879 1578 970 Edeffeno
1633 880 1724 962 in
1759 898 2161 981 mentem
2200 877 2448 961 venit
2485 930 2511 978 ,
2598 872 2840 985 quod
2873 872 3264 960 Valenti.

676 1009 1179 1123 ⁸signandae
1218 1028 1646 1115 monetae
1676 1029 1886 1093 eum
1928 1003 2200 1091 Decii
2236 1001 2480 1089 vultu
2523 1003 2756 1088 nulla
2796 1005 2958 1091 alia
2994 1003 3270 1089 cauffa

672 1136 1129 1247 Edeffenis
1168 1137 1341 1245 suit
1368 1191 1404 1243 ‚
1492 1160 1757 1250 quam
1792 1135 2032 1247 quod
2070 1136 2593 1261 imperaret.

921 1392 1137 1481 XII.
1249 1393 1355 1483 C.
1454 1393 1760 1479 Vibius
1806 1392 2420 1479 Trebonianus
2487 1384 2790 1478 Gallus
2845 1388 3271 1499 Augustus

674 1520 974 1633 impar
1016 1542 1208 1607 erat
1244 1540 1501 1607 tanto
1540 1516 1929 1630 imperio
2005 1574 2034 1624 ,
2114 1542 2314 1606 cum
2352 1516 2637 1601 clades
2679 1532 3044 1627 accepta
3076 1516 3269 1602 De-

677 1649 797 1735 cii
832 1648 1025 1734 casu
1055 1651 1342 1737 Persas
1395 1650 1856 1736 excitaret.
1994 1649 2109 1737 Hi
2150 1703 2176 1752 ‚
2274 1647 2489 1735 teste
2520 1638 2900 1741 Zofimo·
2941 1701 2967 1750 ‚
3063 1650 3094 1747 (
3135 1651 3275 1753 4)

678 1776 1446 1892 Mesopotamiam
1486 1796 2038 1890 ‚occuparunt
2088 1798 2180 1862 et
2219 1778 2312 1862 iu
2371 1773 2714 1883 Syriam
2755 1800 3014 1887 Vsque
3051 1799 3274 1882 pro-

680 1905 936 2016 greffi
972 1910 1064 1991 in
1098 1908 1412 2012 armiS,
1492 1903 2077 1997 Antiochiam
2125 1906 2500 1997 orientis
2527 1903 3274 2017 metropolin’ce-

538 2076 551 2097 ι
682 2054 1042 2149 perunt.
1163 2034 1353 2124 Nifi
1427 2035 1728 2121 Persae
1774 2032 1935 2142 ipsi
2014 2031 2243 2119 hunc
2288 2035 2871 2121 vistoriarum
2924 2033 3274 2119 suarum
3407 2094 3414 2101 -

685 2164 1062 2248 modum
1119 2162 1599 2272 posuiss'ent
1655 2216 1683 2268 ‚
1810 2157 2013 2262 Afia
2067 2162 2356 2247 omnis
2410 2159 2689 2247 fuisset
2740 2163 3273 2268 intercepta.

684 2288 905 2379 Non
955 2291 1231 2374 credo
1283 2285 1678 2374 Zofimo·
1720 2290 1827 2375 de
1886 2291 2138 2373 omni
2202 2287 2860 2398 Mesopotamia
2899 2290 3276 2375 strietim

688 2417 1079 2527 dicenti,
1152 2438 1410 2530 atque
1450 2420 2014 2528 interpretor
2062 2415 2785 2525 Mesopota-miae
2841 2418 3274 2533 eam'par2·

687 2563 880 2651 tem
917 2601 945 2651 ‚
1042 2574 1261 2659 quae
1300 2546 1406 2631 ad
1435 2549 1781 2657 Tigrim
1819 2546 1977 2630 fita
2012 2546 2127 2629 est
2161 2602 2185 2653 ‚
2268 2546 2714 2633 Persarum
2750 2549 2843 2631 in
2881 2545 3274 2661 potesta-

683 2690 879 2771 tem
918 2674 1466 2762 conceffiffe:
1585 2700 1789 2763 nam
1822 2672 2132 2763 Edessa
2170 2699 2277 2759 ne
2331 2675 2687 2789 quidem
2726 2677 3009 2785 petita
3050 2674 3168 2760 est
3224 2697 3276 2757 a

688 2799 1061 2914 Sapore.
1230 2808 1473 2923 Quae
1543 2823 1851 2915 erepta
1923 2794 2183 2888 erant
2230 2805 2654 2891 Romano
2715 2805 3112 2913 imperio
3181 2802 3274 2887 P.

680 2929 1061 3019 Licinius
1116 2932 1623 3040 Valerianus
1693 2934 2192 3043 imperator
2267 2951 2366 3017 vt
2430 2952 3066 3043 recuperaret,
3177 2933 3276 3016 in

688 3063 1142 3148 orientem
1176 3062 1622 3172 profectus
1656 3063 1774 3150 est
1806 3118 1832 3168 ‚
1916 3061 2058 3145 sed
2099 3061 2355 3148 sexto
2414 3063 2774 3148 demum
2823 3086 3057 3147 anno
3098 3062 3271 3144 im-
3375 3150 3380 3154 ,

685 3193 913 3299 perii
954 3246 978 3294 ,
1071 3209 1171 3275 vt
1209 3189 1466 3300 possis
1511 3189 2019 3298 intelligere
2059 3241 2084 3292 ‚
2190 3189 2474 3273 Persas
2527 3189 2668 3274 sub
2718 3189 2986 3278 Gallo
3027 3192 3268 3275 inua-

686 3316 872 3402 fiss'e
906 3318 1664 3429 Mesopotamiam
1698 3373 1727 3423 ‚
1813 3317 1954 3401 sub
2013 3317 2323 3426 primis
2361 3336 2657 3401 autem
2713 3323 2961 3403 annis
3002 3320 3270 3405 Vale-

685 3447 911 3530 riani
948 3468 1037 3532 et
1074 3444 1459 3533 Gallieni
1516 3447 1969 3556 paullatim
2006 3446 2179 3532 effe
2234 3446 2769 3555 progrefl'OS.
2923 3451 3085 3535 Hic
3122 3475 3308 3556 auffi

688 3590 879 3660 tem
915 3575 1555 3684 imperator‚vt
1598 3595 1785 3662 erat
1823 3575 2149 3681 segnis„
2219 3595 2321 3659 vt
2358 3601 2497 3659 res
2528 3578 2894 3693 „imperii
2927 3581 3272 3666 Roma·

689 3705 778 3786 ni
812 3704 902 3788 in
938 3705 1269 3788 summa
1294 3704 1981 3816 perturbatione
2020 3698 2334 3790 frastae
2364 3703 2760 3790 iacebant
2805 3758 2832 3809 ‚
2911 3706 3273 3792 misera·

682 3829 957 3916 bilem
1029 3831 1319 3919 casum
1388 3833 1636 3919 subiit
1680 3886 1708 3936 ‚
1822 3853 1922 3919 vt
2001 3856 2110 3915 ne
2181 3833 2530 3943 quidem
2603 3834 3276 3941 satis·constet,
3415 3932 3427 3945 ⁸

686 3959 1154 4068 praelione
1193 3962 1555 4048 aduerso
1594 3964 1865 4049 vistus
1898 3963 1986 4046 in
2041 3962 2582 4074 potestatem
2634 3962 3071 4048 Persarum
3112 3992 3272 4051 ve-

692 4087 930 4170 nerit
972 4140 999 4189 ‚
1092 4113 1199 4172 an
1232 4091 1324 4174 in
1378 4094 1838 4202 colloquio
1893 4117 2093 4180 cum
2144 4091 2491 4206 Sapore
2538 4117 2750 4201 rege
2785 4118 2901 4178 ex
2951 4095 3278 4179 insidiis

692 4212 796 4306 fit
840 4235 1172 4327 cathS.
1302 4220 1783 4308 Trebellius
1816 4220 2103 4309 Pollio
2139 4218 2448 4308 viflum
2465 4214 2609 4338 seu
2603 4217 2924 4333 fraude
2934 4216 3080 4335 fleu
3119 4226 3266 4307 ad-

2096 4351 2185 4437 D
2227 4352 2284 4439 d
3075 4378 3268 4439 uer-

1870 4581 1879 4590 ‘
1898 4591 1903 4596 0
2014 4569 2023 4580 .
2270 4583 2292 4598 *-

740 4580 757 4605 ΙΙ
776 4580 2716 4625 w.
2720 4610 2728 4625 Ι
2745 4610 2766 4626 -

2933 4639 2944 4648 ι
3099 4637 3124 4650 -n

972 4649 1096 4732 (4)
1181 4653 1257 4720 L.
1284 4654 1329 4721 Ι.
1353 4672 1404 4723 e.
1446 4670 1550 4732 270
