4559 5919
871 534 954 636 Ε
1018 522 1468 637 umma-
1537 524 2438 637 ravsmAmn
2521 526 3027 637 mas-111.
3125 581 3166 640 ι
3188 573 3313 673 ⁷9

749 758 1134 846 Fuerunt
1173 761 1443 874 igitur
1476 755 1651 842 duo
1686 753 2003 843 fratres
2040 807 2068 860 ‚
2147 753 2705 864 Antonium,
2780 776 2880 845 vt
2919 762 3310 872 'videtur,

747 891 1089 993 maior,
1118 908 1208 972 et
1250 890 1644 996 Abgarus
1685 888 1982 969 minor
2039 936 2067 989 ‚
2144 884 2291 995 qui
2323 884 2743 971 vicefimo
2783 889 3036 976 sexto
3079 914 3346 983 aeta«.

748 1017 863 1100 tis
912 1041 1148 1098 anno
1191 1017 1467 1102 obiit:
1542 1014 1702 1099 filii
1735 1013 2070 1121 Abgari
2116 1009 2230 1096 203
2282 1012 2468 1129 πξῖν
2491 1014 2904 1128 βασιλέως
2939 1071 2964 1120 ,
3035 1026 3207 1106 eius
3243 1044 3248 1055 ’
3277 1078 3310 1129 ‚

747 1143 895 1256 qui
924 1142 1214 1227 dudum
1254 1137 1636 1256 rexsuit.
1806 1139 2191 1226 Mortuo
2229 1142 2709 1227 Antonino
2756 1168 2844 1229 et
2881 1158 3149 1252 genus
3207 1177 3309 1235 o-

744 1294 959 1356 mne
993 1271 1558 1380 Abgarorum
1594 1290 1681 1358 et
1720 1268 2163 1355 necessarii
2198 1267 2518 1354 dolore
2553 1271 2862 1358 adfecti
2896 1274 3108 1359 sunt.
3132 1279 3313 1386 Igi-

746 1414 890 1484 tur
928 1419 1287 1508 praeter
1325 1395 1555 1485 hunc
1586 1394 2155 1509 Antoninum
2190 1394 2341 1481 alii
2378 1424 2491 1484 ex
2545 1399 2806 1510 stirpe
2841 1405 3081 1510 regia
3134 1398 3315 1490 fue-

738 1546 980 1631 runt,
1026 1527 1196 1611 siue
1228 1531 1626 1631 Romae,
1652 1526 1822 1611 fiue
1853 1525 2242 1610 Edeffae.
2315 1528 2711 1638 Abgarus
2753 1529 3128 1615 Seuerus
3165 1534 3316 1618 ad-

748 1655 1123 1738 modum
1200 1655 1465 1739 senex
1526 1676 1812 1761 regno
1874 1656 2211 1761 potitus
2256 1651 2374 1738 est
2414 1710 2442 1759 ,
2522 1676 2619 1738 vt
2661 1657 2909 1766 supra
2949 1657 3318 1770 ostendi.

745 1776 843 1871 Si
874 1783 1144 1892 igitur
1181 1783 1729 1892 septuaginta
1799 1806 2077 1867 annos
2142 1800 2395 1866 natus
2465 1782 2575 1867 ad
2606 1808 2977 1894 regnum
3047 1790 3323 1895 venit,

747 1913 1053 2022 potuit
1093 1908 1414 1997 habere
1488 1911 1855 1996 Manum
1910 1909 2187 1994 filium
2260 1934 2698 1996 annorum
2770 1915 3152 2024 quinque
3229 1935 3320 2002 et

742 2041 1323 2149 quadraginta
1362 2058 1452 2127 et
1490 2060 1923 2151 nepotem
1958 2039 2408 2148 Abgarum
2459 2064 2780 2122 annum
2835 2044 3011 2124 iam
3052 2065 3321 2150 agen-

746 2185 937 2251 tem
977 2162 1525 2254 vicesimum}
1597 2170 1866 2277 igitur
1940 2164 2079 2248 hic
2133 2164 2532 2275 Abgarus
2582 2191 2864 2275 paene
2903 2170 3320 2281 quinqua-

738 2297 1147 2405 genarius
1195 2293 1454 2381 fuerit
1548 2350 1575 2399 ,
1648 2320 1847 2379 cum
1926 2299 2210 2401 regno
2249 2282 2790 2377 exueretur:
2865 2316 2958 2379 et
3017 2301 3318 2406 potuit

742 2444 935 2509 tum
977 2423 1300 2508 habere
1344 2422 1631 2510 filium
1669 2442 1967 2507 natum
2005 2444 2283 2504 annos
2333 2441 2706 2530 quatuor
2760 2441 2849 2506 et
2901 2425 3216 2532 viginti
3290 2482 3316 2532 ,

741 2549 916 2637 fiue
953 2551 1226 2656 hunc,
1269 2554 1407 2636 cui
1464 2551 1904 2640 Antonini
1955 2572 2294 2635 nomen
2349 2548 2591 2636 dedit
2629 2604 2655 2654 ‚
2735 2550 2905 2634 fiue
2946 2551 3323 2663 aliquem

742 2679 1017 2767 alium
1070 2732 1097 2783 ‚
1177 2681 1319 2790 qui
1356 2684 1467 2767 A.
1511 2680 1616 2767 C.
1663 2706 1880 2787 242.
1926 2702 2122 2759 cum
2161 2702 2206 2758 a
2240 2675 2709 2764 Gordiano
2762 2677 3088 2764 bellum
3162 2705 3321 2790 ge·

743 2828 1091 2893 reretur
1126 2806 1519 2894 aduersus
1549 2809 1834 2892 Persas
1869 2829 2148 2889 annos
2180 2807 2849 2914 propemodum
2908 2809 3324 2919 quinqua«

743 2939 994 3048 ginta
1029 2936 1291 3024 fuerit
1329 2957 1604 3024 natuS.
1805 2936 1921 3023 Et
1972 2935 2093 3019 est
2132 2934 2199 3018 is
2251 2933 2646 3047 Abgarus
2722 2988 2750 3040 ,
2861 2961 3123 3047 quem
3177 2936 3322 3022 sub

744 3065 1217 3156 Gordiano
1257 3092 1567 3177 regem
1598 3067 1690 3149 in
1732 3063 2012 3150 numis
2055 3066 2497 3149 cernimus
2537 3090 2636 3147 ea
2657 3065 2944 3166 vultus
2986 3064 3311 3171 forma,

741 3220 961 3307 quae
1002 3198 1268 3281 talem
1309 3212 1693 3279 aetatem
1731 3194 2067 3276 deceat.
2207 3191 2516 3275 Medio
2561 3197 2792 3279 inter
2830 3193 3043 3278 haec
3085 3213 3318 3277 tem-

746 3349 976 3435 pora
1016 3376 1042 3426 ,
1124 3326 1418 3435 quibus
1449 3318 1757 3409 Edess‘a
1791 3340 2051 3429 capta
2091 3317 2251 3424 est,
2326 3337 2417 3403 et
2459 3319 2750 3428 quibus
2783 3321 3114 3429 Abgari
3149 3324 3319 3406 ite-

744 3478 945 3536 rum
987 3473 1339 3559 partem
1383 3452 1638 3560 regni
1670 3467 2298 3558 recuperarunt
2363 3502 2389 3551 ,
2467 3446 2941 3535 interuallo
2989 3503 3013 3553 ,
3094 3446 3317 3536 haec

743 3578 1208 3689 inscriptio
1284 3577 1571 3689 ponta
1628 3577 1744 3659 est
1797 3580 2147 3664 Romae
2200 3575 2449 3658 fratri
2505 3579 2607 3658 ab
2680 3578 3157 3662 Antonino
3227 3577 3322 3662 in

744 3709 1092 3817 priuata
1130 3708 1444 3792 domus
1497 3705 1732 3791 sorte
1790 3723 1879 3787 et
1946 3701 2323 3788 honesto
2374 3701 2675 3788 exilio.
2875 3703 3316 3791 Videntur

741 3857 1047 3920 autem
1083 3838 1172 3921 in
1205 3834 1560 3922 honore
1583 3832 1818 3919 fuifl‘e
1860 3834 2208 3921 Romae
2250 3830 2606 3940 Abgari.
2742 3830 3311 3926 AeliusLam-

747 3966 1078 4073 pridius
1144 3967 1287 4070 (7)
1356 3968 1448 4049 in
1488 3961 2011 4052 Alexandro
2055 3961 2393 4049 Seuero
2466 3983 2490 4039 ι
2564 3986 2742 4046 cum
2791 3957 3120 4074 quidam
3199 3985 3307 4046 ex

744 4089 1176 4176 hanoratis
1213 4094 1444 4175 vitae
1450 4083 1835 4202 Jbrdidae
1862 4105 1948 4174 et
1997 4082 3320 4208 aliquandosurgqrugn·„requgs

738 4215 1245 4306 ambitionem
1316 4207 1645 4303 nimium
1694 4213 1812 4305 ad
1874 4201 2282 4306 malitiani
2341 4205 2819 4336 'adspiraffet
2877 4270 2904 4325 ,
2998 4216 3310 4302 idcirco

2192 4345 2277 4434 Z
2348 4373 2401 4429 2
3106 4343 3328 4461 quod

752 4608 757 4614 ’
898 4635 1020 4717 (τ)
1064 4652 1119 4703 c·
1159 4643 1263 4715 ιε.
