4559 5919
1252 515 1303 574 2
1324 377 1445 594 14·-
1778 466 2000 567 HIS
2006 462 2486 570 TORIAE
2563 456 3333 579 OSRHOENAE

1247 692 1618 781 cauffam
1654 718 1769 781 ex
1810 692 2106 804 priscis
2146 688 2557 791 institutis
2593 705 2739 774 aut
2789 689 3215 799 abrogata
3261 686 3453 776 sunt
3513 700 3660 777 aut
3690 709 3842 778 re·-

1248 810 1635 910 formata
1706 806 1798 907 in
1844 821 2152 907 melius
2176 873 2202 924 ‚
2244 844 2433 904 non
2468 842 2746 932 pauca
2774 837 3076 904 tamen
3113 820 3456 905 etiame
3496 821 3830 930 priseo-

1247 981 1446 1051 rum
1488 956 2143 1063 imperatorum
2179 948 2817 1033 constitutione
2847 949 3038 1035 sunt
3090 945 3423 1034 relicta.
3526 931 3846 1034 lucer·-v

1252 1102 1446 1173 tum
1489 1100 1797 1164 tamen
1821 1079 1938 1164 est
1971 1135 1997 1184 ‚
2067 1077 2814 1163 Diocletianusne
2894 1097 3005 1162 an
3045 1069 3671 1163 Constantinus
3702 1076 3833 1165 M.

1264 1206 2150 1318 Mesopotamiamin
2193 1207 2397 1299 duas
2456 1205 2959 1316 prouincias
2983 1205 3367 1291 diuiserit
3398 1258 3424 1310 ‚
3534 1205 3835 1292 Meso-

1211 1340 1763 1450 -potamiam
1832 1334 2469 1447 propriam‚in
2522 1359 2684 1444 qua
2745 1333 3288 1443 metropolis
3351 1334 3677 1421 Amida
3743 1351 3837 1419 et

1260 1464 1786 1567 Osrhoenen
1830 1518 1855 1567 ,
1938 1466 2029 1546 in
2062 1489 2225 1574 qua
2258 1461 2565 1549 Edeffa
2611 1461 2799 1547 fuit.
2949 1462 3345 1552 Norifius
3404 1462 3833 1552 Cat-dina·

1252 1595 1704 1681 lis-tamen
1739 1591 2206 1704 suspicatur
2242 1645 2270 1695 ²
2355 1616 2465 1678 ne
2544 1589 2683 1675 sub
2738 1588 3330 1679 Constantino
3370 1593 3724 1703 quidem
3793 1641 3830 1695 ,
3951 1610 3960 1615 ·
4031 1567 4038 1572 ’
4087 1570 4098 1583 “

1245 1724 1391 1811 sed
1418 1721 1569 1808 sub
1647 1721 2183 1808 Constantio
2237 1717 2432 1806 filio
2473 1715 3423 1807 iilam'ordinationem
3464 1718 3840 1823 orientis

1265 1850 1435 1938 effe
1476 1848 1815 1937 fastam.
1948 1849 2187 1935 Nam
2226 1848 2320 1932 in
2370 1850 2755 1958 Nyceno
2814 1847 3207 1934 concilio
3262 1903 3290 1953 ‚
3365 1851 3602 1935 inter
3635 1848 3833 1935 Me-

1255 1979 1815 2090 sopotamiae
1883 1977 2357 2089 episcopos
2446 1977 2781 2089 primus
2843 1975 3318 2088 subscripfit
3375 1974 3838 2064 Aetholmcs
3885 1980 3906 1993 ‘

1255 2106 1728 2199 Edessenus
1767 2126 1857 2195 et
1894 2109 2007 2193 A.
2049 2108 2124 2197 C
2213 2134 2440 2216 341.
2486 2109 2664 2191 iam
2697 2127 3130 2216 regnante
3151 2076 3837 2209 Constanti0,in

1255 2235 1832 2327 Antiochena
1884 2235 2289 2346 synodo:
2353 2218 3492 2367 prouinciaquffipotamiae
3525 2231 3836 2327 Aethe-

1257 2368 1440 2453 rius
1508 2360 2142 2480 Echffenus.1n
2201 2367 2517 2475 synodi
2565 2346 3044 2454 CPlitanae‘
3087 2365 3844 2476 subscriptionibus

1259 2522 1487 2580 vero
1560 2494 1685 2578 est
1889 2489 2369 2579 Provinciae
2416 2488 2870 2610 Osdroenae
2918 2491 3317 2606 Eulogius
3384 2488 3838 2608 Edqffenus.

1260 2619 1745 2713 Prouincias
1811 2612 2459 2737 Mesopotamiae
2526 2612 2896 2707 Marcus
2929 2618 3403 2737 Amidenfis.
3545 2621 3844 2732 Syno-

1274 2760 1428 2837 dus
1502 2751 1778 2840 CPlit.
1838 2757 2143 2839 coacta
2194 2753 2314 2835 est
2361 2740 2472 2839 Ἀ.
2533 2752 2638 2840 C.
2703 2774 2817 2858 35
2835 2780 2926 2859 9.
2981 2756 3298 2864 quintis
3339 2749 3841 2855 Constantii

1265 2887 1499 2993 Aug.
1538 2881 2313 2993 quinquennalibus
2408 2933 2435 2985 ‚
2530 2896 2766 2964 anno
2804 2880 3000 2990 post
3033 2880 3304 2969 finem
3342 2879 3836 2968 consecuta.

1268 3012 1411 3098 Ex
1448 3036 1559 3097 eo
1603 3031 2027 3120 tempore
2066 3011 2157 3091 in
2199 3009 2544 3094 notitiis
2571 3009 2932 3118 imperii
2980 3029 3071 3094 et
3124 3008 3534 3095 ecclesiae
3584 3029 3840 3122 atque

1208 3179 1211 3180 f
1261 3140 1353 3222 in
1392 3138 1703 3226 libello
1760 3139 2424 3247 prouinciarum
2483 3139 3087 3226 Romanarum
3134 3136 3842 3248 subTheodofio,

1265 3266 1473 3355 Afia
1513 3269 1802 3352 omnis
1839 3270 1928 3349 in
2001 3264 2478 3352 Asiaticam
2556 3264 3006 3350 dioecesin
3041 3321 3067 3373 ‚
3137 3291 3355 3377 quae
3373 3267 3588 3353 Afia
3623 3293 3841 3379 pro-

1269 3395 1739 3482 consularis
1793 3393 2073 3477 fuerat
2144 3392 2440 3525 priscis
2500 3367 3052 3514 temporibus
3112 3448 3140 3500 ,
3215 3395 3684 3482 Orientem
3747 3413 3838 3482 et

1259 3526 1647 3612 Pontum
1684 3524 2126 3608 diuiditur.
2266 3520 2661 3605 Orientis
2699 3524 3216 3631 prouinciae
3275 3544 3633 3631 praeter
3677 3521 3837 3634 Sy·

1264 3656 1487 3741 riam
1524 3673 1982 3763 Vtramque
2024 3706 2050 3754 ,
2119 3648 3120 3755 Phoenicenrlsauriam,
3167 3650 3610 3756 Ciliciam,
3653 3652 3837 3763 Cy·

1269 3777 2270 3893 prum‚Euphratesiam‚
2307 3798 2558 3866 erant
2614 3775 3273 3891 Mesopotamia
3326 3782 3699 3892 propria
3748 3796 3840 3867 et

1267 3909 1726 3997 Osrhoene
1833 3930 2087 4053 atque
2196 3905 2628 4017 Sophane·
2724 3910 3139 4015 proxime
3282 3910 3838 3997 Armeniam.

1266 4036 1697 4126 Armenia
1734 4038 1972 4120 enim
2006 4032 2243 4144 ipsa
2219 4060 2310 4117 in
2347 4037 2642 4120 Ponto
2677 4033 3203 4120 censebatur.
3313 4121 3320 4130 .
3407 4037 3839 4123 Theodo-

1269 4186 1547 4272 retus‚
1617 4183 1720 4249 vt
1756 4167 2057 4275 primo
2096 4163 2282 4247 dixi
2317 4160 2546 4247 libro
2588 4212 2614 4265 ,
2694 4160 2824 4246 his
2858 4161 3035 4250 fere
3076 4166 3623 4277 temporibus
3671 4168 3836 4254 Os-

1265 4293 1674 4381 rhoenen
1715 4296 1820 4378 ad
1860 4293 2427 4378 occidentem
2458 4271 2911 4402 Euphrate
2946 4291 3256 4379 definit
3281 4349 3307 4398 ‚
3386 4294 3496 4380 ad
3536 4298 3836 4383 orien-

1265 4440 1460 4505 tem
1496 4418 1835 4546 Assyria
1868 4421 2005 4506 seu
2040 4421 2498 4507 Adiabene
2529 4418 2910 4505 Perficae
2968 4422 3328 4506 ditionis
3379 4427 3840 4533 prouincia

1270 4566 1512 4634 trans
1535 4548 1981 4659 Tigrims
2044 4547 2150 4635 In
2200 4548 2532 4634 notitia
2586 4547 2991 4639 ecclesiae
3064 4550 3173 4639 ad
3219 4550 3623 4644 Edess'am
3647 4579 3839 4641 me·

1764 4783 1801 4840 .
3641 4699 3844 4772 110⁶
