4559 5919
914 520 1000 624 ε
1067 516 1518 630 mama
1583 453 2489 669 tam-rnna
2567 515 2806 629 mn
2881 523 3000 625 ν.
3086 561 3140 648 ι
3158 565 3207 660 a
3224 557 3287 660 τ

700 741 1122 846 Saraceni
1155 769 1272 836 ex
1302 743 1631 856 Arabia
1671 760 1764 837 et
1798 745 2241 856 Aegypto
2272 742 2386 836 ad
2413 747 2791 860 triginta
2827 746 3108 840 millia
3145 774 3288 840 ca,

692 878 1201 981 melorum,
1274 874 1547 959 boum
1589 893 1955 964 centum
1986 872 2309 977 millia,
2393 878 3287 994 Quiumetcaprarum

693 1006 1140 1112 infinitam
1178 1001 1843 1094 multitudinem
1875 1004 1965 1098 in
2027 1005 2448 1112 regiones
2492 1001 3080 1094 Damascenas
3134 1008 3294 1094 du·

689 1156 1066 1242 zetam,
1144 1153 1243 1218 vt
1282 1131 1526 1224 isthic
1580 1134 2165 1242 pascerentur.
2233 1131 2712 1222 ‘triburam
2766 1134 3284 1246 pendebant

685 1257 1057 1360 Dachino
1083 1318 1107 1369 ‚
1134 1263 1276 1347 seu
1314 1262 1614 1372 potius
1672 1252 2181 1371 Togracim,
2206 1263 2353 1372 qui
2385 1262 2476 1345 in
2517 1262 3064 1354 Francorum
3103 1261 3282 1351 fido

691 1414 883 1485 erat
914 1451 944 1502 ‚
973 1414 1073 1479 vt
1108 1392 1360 1505 supra
1401 1391 1807 1478 diximus.
1944 1386 2378 1480 Custodes
2412 1392 2728 1508 pecori
2763 1394 2869 1478 ad
2906 1414 3288 1505 quatuor

690 1520 968 1610 millia
1006 1540 1561 1608 armatorum
1584 1573 1614 1624 ‚
1657 1542 1861 1604 cum
1905 1517 2419 1629 coniugibus
2453 1538 2541 1605 et
2577 1519 2869 1606 liberis
2904 1547 3288 1632 magno«

688 1674 855 1762 que
893 1670 1436 1736 commeatu.
1511 1644 2009 1751 Iozelinu52
2049 1671 2572 1758 quamquam
2616 1647 3147 1741 Damasceni
3185 1650 3282 1738 in

686 1778 865 1874 fide
905 1777 1749 1885 manebant‚tamen
1782 1793 2089 1868 tantae
2123 1777 2614 1885 cupiditate
2651 1778 3032 1890 praedae
3079 1778 3280 1864 ille-2

612 1941 617 1950 ·
683 1909 870 1996 (tus
905 1961 932 2012 ‚
983 1931 1187 1992 cum
1219 1898 1676 2016 Godql‘redo‘
1710 1900 1805 1992 dc
1834 1901 2054 1996 Burs
2089 1914 2177 1989 et
2215 1901 2314 1992 de
2347 1917 2590 1992 tarra
2620 1907 2985 1996 ciuitatis
3023 1900 3284 1998 Pari-s

662 2035 978 2152 florum
1015 2089 1043 2141 ‚
1116 2053 1380 2146 atque
1411 2056 1612 2121 cum
1658 2024 1994 2128 Vilelmo
2025 2030 2300 2120 statre
2335 2034 2513 2120 eius
2536 2086 2565 2137 ,
2639 2029 3119 2121 sortiffimis
3137 2036 3284 2124 vis

680 2166 802 2256 tis
824 2167 1237 2269 ,centum
1274 2180 1364 2247 et
1405 2160 1849 2269 sexaginta
1880 2177 2275 2248 armatos
2342 2157 2435 2243 in
2477 2158 2781 2271 pascua
2814 2160 2980 2246 illa·
2999 2163 3276 2253 ducit.

683 2296 769 2385 A
815 2291 1208 2398 dexteris
1244 2288 1690 2377 Iozelinus
1724 2311 1924 2372 cum
1961 2289 2585 2402 quinquaginta
2620 2289 2974 2374 suorum
2997 2344 3025 2396 ,
3082 2317 3131 2376 a
3163 2292 3276 2379 fi-„

685 2421 945 2516 nistra
1009 2423 1235 2508 item
1298 2443 1501 2510 cum
1568 2418 2189 2529 quinquaginta
2256 2416 2691 2505 Vilelmus
2758 2415 3282 2531 constitere.

678 2546 1214 2642 Godefridus
1246 2572 1446 2633 cum
1477 2545 1928 2656 sexaginta
1966 2545 2356 2632 medium
2389 2546 2777 2636 tenebat.
2918 2549 3082 2635 Hic
3107 2604 3132 2653 ,
3171 2568 3282 2654 vt

675 2676 914 2766 inter
968 2702 1126 2766 eos
1180 2694 1724 2762 conuenerat
1766 2729 1795 2780 ‚
1851 2673 2190 2761 inuadit
2239 2675 2605 2762 ArabeS.
2680 2674 3011 2763 Arabes
3060 2702 3269 2766 cor-

676 2832 947 2900 nuum
982 2801 1322 2893 classico
1367 2805 1644 2892 exciti
1684 2823 2140 2892 accurrunt
2181 2834 2202 2892 ε
2241 2802 2736 2890 conseritur
2766 2828 3094 2894 manus.
3138 2811 3285 2914 Ab

674 2932 1217 3030 Godefridus
1268 2932 1911 3045 praeferociter
1964 2934 2310 3022 eue&us
2341 2930 2759 3025 in‘hostes
2796 2987 2824 3038 ,
2882 2935 3264 3023 circum·

671 3068 1062 3155 uenitur.
1127 3062 1356 3150 Tum
1390 3064 1617 3175 ipse,
1662 3082 1853 3149 tum
1885 3063 2461 3173 quadraginta
2490 3060 2773 3152 fortes
2805 3063 2978 3150 viri
3029 3116 3057 3169 ,
3117 3063 3280 3179 qui

672 3196 1071 3306 plerique
1143 3193 1476 3301 amplas
1521 3187 2082 3302 poffeffiones
2128 3190 2556 3276 habebant
2598 3245 2627 3297 ‚
2737 3216 2913 3304 pro
2968 3195 3280 3304 quibus

672 3347 877 3410 cum
936 3320 1267 3410 duobus
1315 3338 1460 3405 aut
1515 3320 1825 3404 decem
1865 3319 2149 3432 equis,
2225 3318 2336 3404 ad
2375 3319 2698 3432 viginti
2729 3344 3044 3431 Vsque,
3087 3322 3265 3415 mi·

670 3450 934 3547 litare
965 3448 1407 3551 solebant,
1483 3447 1996 3534 ceciderunt
2022 3500 2050 3551 ,
2130 3448 2345 3534 osto
2392 3449 2684 3560 capti,
2759 3449 3079 3562 reliqui
3125 3451 3259 3537 la-

673 3581 969 3671 tebras
1004 3597 1096 3665 et
1131 3574 1693 3664 occasionem
1733 3575 2167 3663 euadendi
2197 3577 2388 3661 sunt
2430 3579 2688 3667 uasti.
2763 3579 3116 3669 Contra
3139 3600 3263 3668 ex

668 3707 1093 3800 Arabibus
1161 3707 1517 3795 ducenti
1564 3723 1656 3794 et
1708 3702 2083 3815 amplius
2159 3703 2655 3793 defidetati.
2821 3706 3272 3793 Vilelmus.

672 3863 988 3926 errore
1048 3838 1392 3924 viarum
1444 3859 1612 3945 per
1656 3831 1857 3919 loca
1905 3832 2208 3945 aspera
2259 3833 2690 3923 deflexit:
2776 3834 3270 3924 lescelinus.

667 3967 957 4056 serum
997 3964 1417 4053 auxilium
1448 3961 1738 4049 ferens
1776 4016 1805 4067 ‚
1880 3961 2059 4049 visa
2111 3961 2464 4051 suorum
2501 3959 2795 4072 clade,
2885 3964 2971 4051 se
3007 3990 3260 4052 rece-

540 4108 559 4119 “
672 4099 836 4211 pit.
966 4093 1158 4181 Iam
1186 4095 1387 4182 satis
1419 4094 1778 4181 constat·
1812 4144 1841 4196 ,
1938 4090 2054 4178 fic
2095 4094 2211 4181 A.
2252 4091 2358 4182 C.
2425 4117 2715 4192 1120.
2767 4118 2966 4181 rem
3019 4092 3268 4181 male

672 4227 846 4311 effe
874 4221 1232 4333 gestam.
1366 4223 1495 4310 At
1527 4219 2276 4334 quemadmodum
2315 4222 2615 4331 postea
2650 4226 2762 4310 A.
2803 4223 2909 4312 C.
2961 4250 3003 4307 1
3031 4251 3067 4305 1
3094 4248 3259 4311 22.

666 4372 771 4441 vt
824 4351 1071 4464 supra
1112 4344 2022 4457 diximuS,Ioscelinus
2074 4368 2379 4463 captus
2408 4346 2678 4436 firerit
2716 4404 2744 4455 ,
2825 4375 3011 4439 non
3061 4374 3258 4435 me-

670 4478 899 4585 mini
933 4505 1081 4579 me
1104 4476 1410 4597 legere
1442 4478 1591 4596 qui
1647 4477 2184 4596 prodiderit.
2323 4479 3000 4573 Tantummodo
3056 4477 3257 4564 Vil-

1906 4605 1992 4693 V
2028 4630 2094 4696 v
2920 4606 3254 4699 lermus
