4559 5919
849 510 937 625 Ε
1007 520 1455 626 mmm
1523 519 1743 620 m,
1750 519 2165 629 VSTRA
2176 518 2430 625 TAE
2494 529 2731 630 Lm.
2807 532 3008 633 ιιι.
3098 574 3139 634 1
3165 578 3215 657 a
3232 546 3295 655 7·

712 766 920 837 cum
993 744 1280 832 numis
1341 744 1800 855 Byzantiis
1863 758 1959 831 et
2027 744 2547 858 imaginibus
2619 750 3295 863 Imperatorum

715 896 938 986 quae
977 870 1277 984 paffim
1315 874 1686 959 exstant.
1773 874 2090 986 Neque
2141 875 2310 973 anfi
2346 875 2539 962 sunt
2569 881 2979 967 Edeffeni
3033 908 3289 997 reges

711 1004 823 1088 iis
858 1005 996 1087 vti
1063 1059 1092 1110 ,
1162 1003 1584 1112 potentia
1659 1019 1752 1087 et
1825 1004 2277 1090 maiestate
2380 1004 2849 1094 inferiores
2917 1013 3288 1096 ParthiS.

711 1131 1060 1246 Quanta
1097 1131 1339 1214 enim
1376 1132 1878 1216 reuerentia
1912 1132 2146 1242 apud
2202 1131 2920 1242 Mesopotamiae
2975 1156 3065 1220 et
3126 1138 3289 1248 Sy·-

706 1260 891 1343 riae
927 1259 1325 1343 minores
1345 1283 1598 1369 reges
1639 1282 1850 1368 erga
1867 1259 2327 1346 Parthicos
2360 1285 2612 1371 reges
2631 1286 2943 1372 regum
2978 1262 3293 1373 fuerit,

711 1385 814 1471 ab
845 1410 1027 1470 vno
1063 1385 1376 1495 insigni
1416 1388 1843 1497 exemplo
1882 1408 2147 1499 potes
2183 1390 2732 1500 intelligere,
2808 1394 3042 1502 quod
3065 1418 3289 1501 pro·

712 1512 998 1602 ditum
1040 1515 1159 1598 est
1196 1539 1242 1598 a
1272 1513 1692 1624 Iosepho.
1768 1518 1906 1621 (2)
1971 1517 2208 1604 Nam
2243 1540 2446 1600 cum
2472 1518 2965 1605 Artabanus
2999 1544 3287 1630 regno

710 1641 922 1747 effet
968 1662 1278 1728 exutus
1324 1666 1373 1726 a
1410 1640 1751 1728 Parthis
1782 1697 1811 1747 ‚
1906 1641 2305 1749 confugit
2368 1644 2478 1727 ad
2512 1645 2850 1731 Izatem
2901 1648 3294 1734 Adiabe-

706 1768 1034 1857 norum
1073 1767 1473 1879 regulum
1517 1768 1913 1881 supplex.
2118 1770 2445 1857 Obuius
2478 1773 2716 1860 forte
2747 1776 2837 1859 in
2877 1775 3019 1858 via
3056 1774 3284 1862 Izati

710 1899 820 1983 ad
849 1897 1121 2008 pedes
1159 1898 1595 1984 seabiecit
1637 1897 2090 1985 obsecrans
2112 1952 2138 2004 ‚
2214 1897 2637 1987 auxilium
2675 1920 2772 1985 vt
2814 1897 2964 1985 fibi
3002 1898 3281 1989 ferret

702 2026 795 2112 in
833 2027 1154 2137 priuati
1214 2023 1667 2112 fortunam
1695 2050 1764 2110 ,a
1799 2029 2042 2136 regia
2080 2028 2526 2136 potestate
2580 2028 2954 2115 deiecto.
3088 2029 3285 2117 Iza-

704 2172 842 2240 tes
885 2178 1072 2239 non
1111 2156 1396 2241 modo
1435 2180 1635 2242 eum
1674 2153 1923 2239 bono
1984 2156 2288 2241 animo
2329 2155 2499 2243 effe
2545 2154 2764 2240 iuffit
2808 2207 2835 2258 ,
2918 2154 3067 2240 sed
3142 2174 3281 2243 et·

705 2281 882 2367 iam
920 2285 1010 2368 in
1047 2307 1363 2393 equum
1398 2282 1819 2393 imposuit
1859 2300 2116 2394 atque
2135 2301 2237 2367 vt
2275 2287 2581 2368 minor
2634 2286 3076 2370 maiorem
3116 2311 3279 2395 pe·

709 2408 947 2494 dibus
986 2410 1395 2524 prosequi
1420 2411 1852 2511 instituit:
1946 2434 2108 2496 nec
2150 2408 2304 2496 nifi
2351 2412 2731 2496 multum
2782 2409 3287 2499 obtestante

707 2538 1216 2644 Artaban02
1264 2563 1574 2650 equum
1618 2537 2162 2624 conscendit.
2253 2536 2749 2624 Artabanus
2786 2537 2879 2620 in
2908 2549 3285 2649 regnum

709 2665 816 2752 ab
857 2690 968 2751 eo
1005 2666 1446 2754 restitutus
1467 2722 1494 2770 ‚
1516 2663 1929 2751 beneficii
1955 2666 2180 2750 loco
2214 2661 2647 2777 conceffit=
2669 2719 2695 2769 ,
2765 2685 2865 2749 vt
2896 2667 3289 2753 Adiabe-

706 2808 862 2880 nus'
901 2818 1064 2883 rex
1101 2796 1322 2882 tiara
1360 2796 1609 2880 resto
1660 2809 2066 2876 7uteretur
2112 2808 2203 2876 et
2259 2791 2353 2874 in
2406 2814 2681 2876 aureo
2728 2790 2965 2879 lec‘to
3021 2817 3279 2881 accu·
3344 2901 3355 2911 ³

707 2919 980 3009 haret.
1111 2924 1329 3013 Non
1363 2922 1610 3007 enim
1657 2919 1889 3007 ausus
1942 2916 2223 3039 fuerat
2262 2914 2428 3005 illo
2482 2918 2704 3006 resti
2753 2920 3032 3006 tiarae
3070 2919 3286 3046 inst:

703 3052 861 3161 gni
889 3051 1023 3137 vti
1059 3103 1086 3156 ,
1165 3076 1353 3140 non
1383 3046 1836 3137 concefl‘o.
3030 3123 3051 3132 „

937 3179 1190 3267 Inter
1227 3197 1757 3265 ornamenta
1790 3177 2062 3263 tiarae
2078 3170 2708 3266 Edeffeniluna
2731 3191 2826 3264 et
2860 3196 3042 3267 tres
3077 3169 3282 3266 stels

695 3305 838 3393 lae
858 3306 1073 3394 sunt.
1090 3304 1857 3397 IoannisValentis
1877 3306 2199 3391 amicus
2216 3328 2416 3389 cum
2434 3301 2967 3391 inEdess‘eno
2992 3332 3274 3394 numo

700 3455 1081 3547 quatuor
1112 3433 1390 3520 stellas
1422 3452 1837 3520 cerneret
1875 3488 1905 3540 ‚
2032 3432 2502 3543 negotium
2543 3431 3080 3541 expedfitisse
3122 3434 3277 3522 fibi

704 3564 925 3649 visus
949 3562 1090 3648 est.
1166 3554 1468 3646 Stellae
1496 3612 1526 3665 ,
1602 3562 1884 3673 inquit
1920 3613 1948 3663 ,
2026 3559 2108 3643 in
2143 3582 2352 3643 area
2382 3612 2412 3663 ,
2484 3573 2778 3643 vtrum
2812 3560 2928 3645 ad
2950 3556 3273 3669 Elaga-

697 3687 874 3777 bala·
883 3681 1435 3802 sacerdotium
1513 3741 1541 3793 ‚
1658 3712 1764 3772 an
1799 3684 1914 3778 ad
1948 3679 2369 3799 Edeffi’nos
2393 3674 2749 3797 spectent
2788 3738 2818 3792 ‚
2928 3684 3273 3776 videant

696 3817 1022 3906 eruditi
1061 3853 1082 3908 ;
1150 3842 1330 3902 cum
1361 3826 1637 3901 autem
1671 3810 1987 3904 Strabo
2019 3866 2049 3920 ‚
2140 3806 2449 3897 Plinius
2489 3824 2574 3896 et
2626 3809 2781 3898 alii
2812 3868 2838 3920 ‚
2918 3805 3263 3902 Phoeni-

575 4003 582 4007 ·
696 3970 833 4032 ces
864 3944 969 4030 ab
998 3948 1524 4059 astronomiae
1561 3940 1879 4055 peritia
1911 3938 2499 4045 commendent,
2537 3932 2905 4054 aliquam
2912 3934 3272 4061 fortcfflb

698 4073 1357 4186 constellatione-m
1394 4071 1632 4158 abiis
1656 4056 2893 4185 obstruatamsufflsuspicat-ur
2927 4070 3270 4159 amicus.

697 4205 1098 4292 Acutum
1133 4223 1481 4311 quoque
1521 4200 1689 4309 est,
1766 4201 2005 4312 quod
2036 4194 2460 4286 Ezechiel
2499 4195 3083 4309 spanhemius
3114 4198 3270 4281 ad·
3326 4245 3341 4252 -

2077 4321 2139 4416 S
3086 4320 3263 4418 fert

837 4685 842 4688 .
980 4624 1056 4693 L.
1098 4623 1328 4691 XX020
1413 4651 1430 4710 fl

1325 4849 1366 4864 A
