4559 5919
909 579 994 678 E
1064 570 1511 677 NVMzs
1578 562 2479 722 JLLVSTRATAE
2545 566 2781 665 Lm.
2860 570 3052 663 ιιι.
3156 606 3195 666 1
3225 584 3349 688 ⁸9
3475 584 3491 605 =
3569 482 3574 489 ⁸

781 797 1276 891 Harduinus
1308 795 1398 876 in
1442 793 1729 877 numis
1775 788 2121 875 vrbium
2161 841 2188 892 ,
2285 790 2674 899 primum
2723 785 2994 875 firmo
3031 789 3352 875 admo-

784 927 996 1010 dum
1033 981 1059 1031 ,
1138 943 1239 1010 vt
1276 924 1674 1024 videtur,
1723 937 2254 1029 argumento
2289 917 2676 1005 Emisam
2714 921 2806 1002 in
2843 943 3117 1003 numo
3161 943 3352 1005 non

786 1056 1177 1162 exprimi
1210 1050 1731 1152 contendit,
1793 1074 1987 1133 eam
2034 1048 2346 1132 vrbem
2397 1066 2864 1158 praeterea
2907 1045 3259 1156 longius
3298 1074 3352 1135 a

788 1182 1463 1291 Mesopotamia
1519 1198 1607 1264 et
1654 1178 2111 1290 Euphrate
2162 1174 2415 1261 fitam
2464 1177 2555 1260 in
2605 1175 2915 1260 finibus
2961 1176 3350 1263 Phoeni·

785 1311 974 1399 ciae
1014 1308 1254 1395 fuiss‘e
1285 1324 1630 1407 monet.
1763 1309 1991 1393 Tum
2026 1306 2674 1393 veroEdefl'am
2714 1329 2903 1413 non
2934 1304 3182 1417 poffe
3202 1329 3348 1389 re·

785 1438 1013 1551 poni
1051 1438 1431 1523 ostendit
1471 1491 1495 1541 ,
1572 1436 1813 1547 quod
1849 1436 2207 1523 litterae
2233 1434 2375 1520 Ml
2416 1434 2680 1517 nimis
2722 1432 3039 1519 diserte
3072 1436 3162 1519 in
3184 1460 3345 1520 nu-

784 1592 946 1655 mo
997 1564 1405 1676 legantur
1447 1618 1473 1669 ‚
1563 1565 1971 1678 quodque
2019 1561 2330 1652 Edefl‘a
2377 1586 2567 1646 non
2623 1562 2891 1647 tribus
2946 1583 3343 1649 tantum·

783 1696 1072 1779 modo
1113 1697 1420 1807 primis
1451 1692 1781 1778 litteris
1811 1695 1907 1777 in
1944 1693 2232 1779 nuruis
2271 1711 2683 1780 occurrat
2715 1746 2746 1801 ‚
2819 1717 3348 1806 quamquam

784 1824 1337 1934 postremum
1388 1823 1564 1908 hoc
1621 1850 1670 1909 e
1726 1824 2019 1907 numis
2065 1817 2607 1906 confellitur.
2801 1824 3051 1934 Ergo
3103 1820 3350 1910 AMI

779 1949 1163 2040 Amidam
1195 1951 1459 2061 legit,
1522 1976 1740 2062 quae
1779 1952 2052 2036 etiam
2090 1952 2180 2036 in
2216 1951 2547 2036 notitia
2579 1951 3022 2039 Hieroclis
3054 1950 3342 2037 accle-

780 2075 1105 2166 'fiastica
1147 2081 1384 2166 inter
1417 2080 1980 2191 metropoles
2016 2081 2546 2164 recensetur.
2658 2080 3012 2171 Contra
3048 2106 3149 2166 ea
3185 2081 3346 2167 Io-

783 2223 1052 2294 annes
1090 2208 1414 2295 Valens
1449 2211 1673 2295 EMI
1740 2211 1835 2292 in
1892 2233 2171 2295 numo
2240 2208 2560 2293 diserte
2624 2209 2808 2317 legi
2876 2206 3341 2314 adfirmat,

785 2343 960 2443 (8)
1068 2357 1168 2422 vt
1209 2363 1394 2423 non
1433 2336 1691 2448 possit
1747 2363 1938 2424 non
1975 2335 2144 2420 effe
2193 2337 2486 2425 Emisa
2553 2368 2576 2422 ε
2686 2356 2879 2422 tum
2916 2335 3343 2425 Amidam

788 2467 1357 2578 metropolin
1407 2465 1645 2552 fuiss'e
1699 2482 1965 2576 negat
2013 2520 2044 2570 ‚
2175 2489 2454 2579 neque
2506 2467 2748 2553 enim
2802 2484 3112 2552 extare
3177 2491 3336 2550 nu·

783 2617 986 2679 mos
1025 2648 1049 2697 ‚
1125 2614 1225 2681 vt
1266 2594 1374 2679 de
1411 2593 1701 2683 Emisa
1730 2598 1904 2682 iam
1936 2594 2084 2678 sub
2123 2595 2605 2682 Antonino
2645 2594 3096 2684 Caracalla
3167 2649 3196 2699 ‚
3292 2618 3346 2681 a

778 2745 959 2832 quo
997 2722 1245 2807 istam
1301 2723 1393 2805 in
1432 2722 1740 2809 vrbem
1790 2724 2152 2808 colonia
2205 2725 2411 2807 iuris
2442 2721 2732 2808 Italici
2782 2725 3143 2812 deducta
3178 2723 3347 2813 est:

782 2850 815 2972 ζ
834 2863 953 2957 9)
1026 2850 1592 2964 metropoles
1635 2875 1857 2937 vero
1910 2849 2515 2937 ecclefiasticas
2563 2869 3100 2962 argumento
3149 2878 3342 2938 non

786 2979 957 3066 effe
1000 3036 1026 3085 ‚
1102 2981 1413 3066 vrbem
1454 2980 1829 3093 aliquam
1884 2978 2122 3064 ciuili
2171 2978 2659 3091 priuilegio
2713 2979 2952 3068 fuifl‘e
2987 3004 3342 3069 metro·

782 3112 1069 3219 polin.
1150 3110 1416 3227 Quod
1455 3108 1515 3192 fi
1548 3111 1678 3193 ita
1721 3110 1838 3193 est
1874 3163 1902 3212 ‚
1981 3107 2242 3195 fuerit
2282 3163 2309 3213 ,
2387 3111 2670 3219 inquit
2706 3163 2736 3214 ,
2817 3110 2983 3196 aua
3018 3113 3341 3201 cisEu-
3447 3095 3460 3106 “

778 3236 1163 3349 phraten
1203 3236 1459 3345 regio
1498 3291 1525 3342 ‚
1597 3238 1831 3321 cuius
1872 3235 2418 3348 metropolis
2458 3239 2670 3323 effet
2720 3240 3015 3325 Emisa
3051 3297 3080 3347 ‚
3167 3240 3338 3328 alia

779 3367 1014 3451 vltra
1048 3363 1598 3476 Euphratem
1638 3418 1666 3472 ,
1741 3366 1831 3449 in
1862 3390 2024 3475 qua
2054 3365 2362 3453 Edeffa
2397 3367 2786 3477 primum
2828 3387 2858 3472 ,'
2937 3368 3334 3457 Carrhae

704 3563 713 3570 .
780 3514 1081 3577 autem
1114 3490 1917 3578 secundum‘locum
1955 3513 2347 3580 tenuere.
2495 3495 2636 3583 Sic
2670 3494 3028 3584 Valens,
3141 3498 3337 3585 Du-

780 3645 978 3706 rum
1011 3618 1187 3707 hoc
1231 3622 1349 3708 est
1389 3617 1862 3706 mehercle.
1996 3620 2168 3708 Sed
2207 3622 2267 3705 fi
2309 3626 2533 3708 EMI
2575 3621 2834 3734 plane
2873 3624 3199 3734 legitur
3238 3628 3334 3714 in

782 3775 1062 3836 numo
1122 3805 1146 3854 ‚
1242 3770 1343 3835 vt
1390 3749 1680 3835 Emisa
1729 3746 1829 3833 sit
1866 3805 1894 3854 ,
1978 3752 2485 3837 coniectura
2526 3753 2952 3839 Harduini
2994 3753 3318 3842 labefa-

781 3881 1108 3982 statur,
1186 3904 1405 3990 quae
1445 3877 1770 3989 alioqui
1809 3877 1926 3963 est
1962 3877 2277 3965 nobilis
2293 3937 2322 3989 ,
2391 3907 2669 3992 neque
2711 3883 2947 3986 enim
2987 3909 3103 3970 ex
3138 3886 3333 3997 dig-

752 4006 1071 4092 -nitate
1146 4005 1905 4116 metropolitanae
1987 4007 2398 4094 ecclesiae
2483 4010 2834 4097 absurde
2917 4012 3326 4125 colligit,

780 4131 1018 4218 fuisse
1076 4154 1333 4218 antea
1386 4154 1799 4245 tempus,
1911 4161 2109 4222 cum
2167 4140 2490 4224 ciuium
2541 4143 3026 4227 eminentia
3081 4169 3182 4227 ea
3230 4146 3328 4230 in

781 4261 996 4358 vrbe
1031 4258 1620 4372 praeualeret.
1764 4266 2025 4382 Quod
2067 4271 2311 4376 numi
2347 4266 2679 4368 exstant
2729 4266 2946 4354 nulli
2984 4326 3014 4376 ,
3091 4287 3327 4356 tem-

1949 4397 2033 4479 A
2073 4419 2122 4478 a
2197 4424 2248 4503 3
3154 4425 3334 4513 po·

944 4673 1063 4757 (8)
1112 4657 1189 4745 Τζ
1229 4681 1315 4748 ΙΙ.
1350 4698 1415 4762 p.
1435 4692 1581 4746 120.
1624 4675 1733 4762 (9)
1780 4678 2053 4745 Norissus
2081 4685 2145 4743 in
2170 4681 2420 4766 epochis
2445 4701 2508 4765 p.
2531 4700 2640 4766 97.
