4559 5919
871 529 954 628 E
1025 522 1472 631 NVMIS
1543 521 2443 627 ILLVSTRATAE
2513 530 2743 631 ΗΒ.
2820 533 3015 628 111.
3109 566 3286 652 151

731 755 1240 839 admonitus
1276 806 1300 854 ‚
1383 770 1474 838 et
1517 750 2205 862 praesentissimo
2245 754 2675 864 perculsus
2712 774 3004 862 metu,
3049 758 3303 842 obui-

731 882 886 965 am‘
905 877 1320 993 proceffit
1342 879 1896 992 Imperatori
1925 885 2349 970 Romano
2371 881 2733 995 filioque
2758 883 3305 995 deprecante

727 1010 822 1092 iu
906 1011 1388 1096 amicitiam
1445 1010 1562 1101 est
1612 1028 2044 1119 receptus.
2224 1013 2647 1095 Traianus
2716 1013 3029 1099 vrbem
3167 1015 3306 1097 in-

726 1137 1321 1248 greffuslauto
1357 1139 1782 1225 conuiuio
1825 1138 2297 1248 accipitur,
2348 1139 2435 1223 in
2472 1165 2646 1250 quo
2679 1139 3075 1248 Abgarus
3122 1142 3309 1247 ille,
3402 1192 3413 1201 -

729 1265 904 1351 fiue
938 1267 1213 1375 magis
1257 1266 1568 1351 Manus
1607 1266 1747 1350 hic
1786 1265 2421 1374 noster,filium
2462 1266 2921 1351 saltantem
2971 1271 3300 1380 produ·

729 1397 893 1481 xit.
1037 1394 1177 1481 Sic
1227 1396 1307 1477 T
1311 1393 1716 1481 heodofii
1766 1397 2084 1503 Exigui
2133 1417 2563 1505 excerpta
2594 1394 2946 1481 Dionis,
3007 1398 3308 1484 Suidas

689 1523 1061 1607 ‚eo'dern
1102 1521 1490 1633 respexit
1533 1555 1550 1607 z
1626 1517 1990 1606 Εδεσσα
2026 1518 2267 1622 πόλις
2318 1516 2646 1634 Συείας
2685 1554 2717 1627 ·,
2794 1515 2891 1626 εἰς
2942 1502 3042 1626 ἢν
3094 1516 3304 1633 οἰΦι-

723 1644 1052 1765 κομένῳ
1100 1648 1494 1765 Τςαίἀνῷ
1523 1641 2028 1761 ὑπαντιάζει
2071 1638 2240 1760 ‘neo‘
2301 1648 2457 1754 τῆς
2510 1648 2819 1752 πόλεως
2870 1637 3300 1769 Αὔγαρος,

726 1770 1080 1880 '‘w-wag
1119 1801 1207 1860 τε
1248 1772 1478 1889 δῶρα
1543 1762 1786 1890 ἄγων
1832 1774 1898 1863 ν’
1947 1780 2004 1891 3}
2051 1776 2143 1862 0·'
2189 1782 2246 1894 γ’,
2302 1777 2519 1894 βέλη
2555 1772 3127 1894 ἑξακισμύριοι.
3260 1777 3301 1866 ὁ

721 1898 823 1992 δὲ
894 1912 975 1989 T
981 1896 1307 2021 ραίανός
1361 1903 1572 2015 τεᾶς
1615 1897 1889 1992 λοιέὠν
1929 1901 2322 2019 θώρακας
2366 1962 2390 2010 ,
2469 1894 2746 1992 τᾶλλα
2796 1902 3308 2022 ξύμπαντα,

729 2026 995 2123 dordr
1022 2032 1242 2150 ἔχειν
1273 2029 1714 2121 ἐκέλευσεν.
1860 2029 2148 2147 Edcffa
2199 2032 2411 2116 vrbs
2464 2030 2770 2142 Syriae
2826 2091 2851 2139 ,
2948 2042 3027 2120 in
3063 2060 3331 2151 quam·

723 2161 1233 2277 peruenienti
1269 2153 1641 2246 Traiano
1674 2174 1862 2246 ante
1910 2160 2200 2247 vrbem
2233 2159 2553 2248 obuiam
2593 2165 2967 2275 proccffit
3019 2163 3303 2276 Abga-

737 2318 884 2379 rus
938 2308 1017 2377 et
1068 2312 1350 2375 munus
1422 2287 1715 2373 obtulit
1771 2312 2015 2404 equos
2074 2289 2450 2374 ducentos
2508 2300 2592 2374 et
2643 2297 3295 2406 quinquaginta,

732 2446 978 2507 arma
1014 2440 1217 2505 vero
1237 2416 1352 2502 ad
1351 2409 1509 2531 sex
1551 2417 1825 2508 millia:
1875 2412 2306 2503 Traianus
2343 2419 2884 2505 tantummodo
2918 2435 3090 2506 tres
3120 2419 3304 2506 tho-

736 2566 973 2635 races
1011 2575 1117 2634 ex
1163 2546 1324 2633 illis
1401 2550 1713 2658 accepit
1783 2606 1812 2657 ‚
1963 2562 2243 2632 cetera
2297 2571 2471 2633 eum
2504 2546 2664 2662 fibi
2715 2546 3013 2634 hahere
3066 2551 3302 2657 iifft.

655 2713 672 2722 ·
732 2681 1265 2789 Eutropius:
1341 2671 1780 2761 Iberorum
1846 2700 2118 2789 regem
2165 2732 2190 2782 ‚
2271 2669 3014 2784 Sauromatarum,
3065 2677 3304 2767 Ara-

731 2806 918 2894 bum
963 2823 1040 2894 et
1072 2797 1661 2917 Osdroenorum
1695 2806 1775 2888 in
1806 2805 2062 2912 fidem
2102 2810 2419 2917 accepit
2455 2861 2481 2910 ‚
2554 2825 2697 2892 aut
2743 2822 2846 2890 ’vt
2899 2809 3311 2892 Paeanius

738 2965 936 3026 eum
995 2938 1447 3022 conuertit
1540 2934 1881 3024 Graece
1939 2971 1956 3024 z
2056 2934 2437 3045 Aeass'imv
2486 2939 2543 3051 ᾖ
2595 2929 3110 3045 oei-ogmar&
3160 2924 3312 3038 τές

739 3061 1334 3185 βασιλεύοντας
1394 3061 2019 3167 &ooo-vm&
2048 3060 2577 3168 ἐποιήσατο.
2717 3065 3089 3152 Historia
3131 3062 3304 3149 Mi·

731 3195 988 3284 scella
1059 3203 1199 3303 (2)
1268 3190 1778 3280 Hiberorum
1811 3219 2077 3304 regem
2126 3205 2209 3276 et
2247 3187 2952 3278 Sauromatarum
3002 3208 3082 3275 et
3112 3179 3306 3304 Bo]-

723 3343 1238 3440 poranorum
1274 3383 1298 3431 ,
1385 3321 1767 3410 Arabum
1847 3334 1934 3407 et
1994 3313 2642 3431 Hofdroenorum
2690 3335 2771 3403 et
2825 3315 3306 3404 Colchorum

737 3451 1086 3558 infidem
1116 3454 1455 3562 accepit.
1591 3453 1840 3554 Hoc,
1918 3471 2016 3536 vt
2055 3449 2277 3533 solet
2323 3507 2348 3555 ‚
2416 3477 2528 3536 ex
2560 3451 3037 3558 Eutropio,
3111 3448 3308 3533 Post

741 3579 1092 3695 paullo:
1181 3578 1734 3690 Ant‘emustum
1794 3633 1818 3681 ,
1913 3574 2363 3661 Seleuciam
2419 3632 2443 3681 ,
2537 3592 2619 3660 et
2664 3572 3301 3688 Ctestphontem,

737 3708 1217 3819 Babylonem
1252 3723 1333 3794 et
1352 3700 1716 3820 Edeffam
1755 3709 1966 3788 vicit
1983 3730 2079 3789 ac
2122 3707 2407 3789 tenuit.
2546 3704 2869 3793 Codex
2908 3705 3300 3791 Ambro-

733 3837 1012 3926 finnus
1047 3866 1215 3950 pro
1260 3893 1288 3945 ‚
1318 3904 1328 3914 .
1364 3828 1653 3949 Edeffa
1695 3833 1984 3943 posuit
2027 3890 2052 3939 ‚
2131 3823 2564 3947 Meffenios
2615 3833 2828 3916 vicit
2873 3856 2967 3916 ac
3017 3832 3303 3918 tenuit.

735 3971 1216 4077 Eutropius
1255 3971 1478 4052 item
1521 3998 1538 4050 2
1682 3960 2030 4067 Edeffios
2064 3964 2278 4046 vicit
2314 3985 2410 4045 ac
2453 3962 2764 4048 tenuit:
2904 3984 3165 4076 vsque
3199 3958 3313 4046 ad

737 4096 1031 4181 Indiae
1055 4095 1272 4197 fines
1304 4110 1407 4180 ·et
1457 4115 1688 4176 mare
1741 4090 2031 4176 rubum
2095 4091 2433 4194 acceffit.
2643 4087 2813 4177 Sed
2849 4090 3305 4180 Paeauius:

737 4219 1217 4313 Σελέυκειαν
1248 4247 1337 4307 τε
1371 4252 1426 4339 ’.9
1463 4210 2057 4327 Κτησιφῶντα
2118 4222 2173 4337 g
2211 4217 2663 4306 Βαξυλῶνα
2700 4215 3306 4329 πεσσεκτῆσα·

3177 4368 3304 4433 το.

897 4647 1012 4729 (2)
1056 4665 1117 4729 p.
1159 4649 1268 4711 60.
1301 4648 1398 4709 ed.
1441 4645 1787 4713 Muratorii.
