4559 5919
3242 267 3288 303 l

1282 607 1472 696 190
1835 552 2548 673 msa-oxma
2600 556 3364 673 osRHOENAE
3449 642 3458 653 .
3557 708 3568 713 Π
3653 646 3670 663 .

1200 792 1205 801 '
1279 780 1609 909 porum
1643 791 1793 880 illa
1834 793 2148 878 iniuria
2182 790 2351 879 effe
2393 791 2713 904 potest.
2845 795 2973 880 At
3004 793 3421 883 inuictum
3459 797 3579 885 est
3603 790 3842 888 nara?

1278 926 1517 1011 duini
1554 942 2174 1034 argumentum
2199 975 2225 1025 ‚
2302 922 2578 1031 longe
2612 948 2659 1004 a
2683 924 3338 1032 Mesopotamia
3372 926 3621 1015 fitam
3649 931 3830 1039 effe

1274 1054 1686 1143 Emisam.
1825 1051 2050 1137 Mihi
2087 1046 2271 1134 fere
2308 1052 2397 1133 in
2435 1054 2660 1135 hunc
2715 1054 3085 1135 modum
3128 1055 3516 1168 videtur.
3642 1060 3840 1143 Pri-³

1277 1206 1521 1266 mum
1563 1181 1775 1265 illud
1813 1182 1896 1266 A
1939 1181 2029 1263 in
2067 1202 2267 1263 area
2302 1183 2409 1264 ad
2455 1182 2810 1294 genium
2868 1180 3098 1265 vrbis
3130 1237 3157 1288 ‚
3247 1184 3548 1291 potest
3595 1183 3828 1290 fieri,

1272 1330 1375 1396 vt
1414 1335 1597 1394 non
1636 1310 1739 1394 ad
1763 1311 1978 1393 MH.
2056 1309 2549 1414 pertineat:
2623 1309 2896 1417 longe
2934 1309 3169 1391 enim
3223 1311 3645 1398 reiectum
3669 1316 3820 1419 est,

1276 1437 1953 1552 propemodum
2018 1455 2353 1548 quanto
2410 1438 2887 1523 interuallo
2941 1435 3117 1544 ipsa
3151 1438 3449 1525 Emisa
3501 1440 3603 1523 ab
3648 1443 3830 1528 Eu-

1228 1590 1242 1601 ·
1278 1567 1623 1678 phrate.
1786 1567 1868 1648 T
1870 1588 2017 1649 um
2088 1588 2315 1648 vero
2390 1560 3141 1675 Mesopotamiam
3208 1588 3382 1676 ego
3432 1569 3689 1655 aliam
3739 1574 3831 1657 in

1277 1694 1527 1807 Syria
1567 1720 1895 1805 quaero
1935 1746 1959 1794 ‚
2043 1717 2228 1775 non
2263 1694 2508 1780 istam
2555 1716 2854 1779 tamen
2891 1689 3319 1778 Valentis.
3458 1694 3679 1782 Sunt
3721 1699 3828 1784 il-

1270 1829 1391 1915 lic
1427 1823 1667 1907 fluuii
1706 1824 1880 1908 duo
1900 1820 2299 1906 Orontes
2340 1844 2429 1907 et
2452 1820 3156 1930 Chrysorrhoas,
3183 1824 3320 1933 qui
3357 1826 3830 1931 regionem
3933 1924 3940 1931 ,

1278 1953 1676 2040 ambiunt
1701 2006 1726 2056 ‚
1770 1970 1870 2036 vt
1903 1947 2394 2061 Euphrates
2436 1969 2526 2035 et
2565 1948 2853 2058 Tigris
2876 2005 2900 2055 ,
2937 1973 3155 2060 quae
3188 1952 3439 2062 regio
3478 1952 3593 2037 ob
3630 1979 3834 2040 eam

1282 2080 1664 2167 caussam
1728 2076 1978 2162 facile
2036 2075 2275 2186 Syris
2313 2058 2572 2197 ἱερῷ
2643 2070 2888 2191 insula
2940 2088 3195 2188 atque
3224 2095 3364 2219 553³
3429 2106 3607 2189 cz»
3683 2081 3833 2169 seu

1273 2200 1881 2323 Mesopotamia
1944 2203 2390 2319 appellata
2453 2205 2741 2292 fuerit.
2902 2205 3249 2292 Nostris
3289 2210 3591 2324 vtique
3624 2213 3834 2295 scri·-

1275 2339 1685 2455 ptoribus
1714 2352 2019 2422 verum
2053 2337 2574 2445 prouinciae
2614 2358 2945 2421 nomen
2981 2334 3071 2419 in
3104 2359 3266 2448 qua
3300 2337 3589 2424 Emisa
3631 2337 3824 2448 fuit,

1274 2492 1463 2555 non
1505 2468 1942 2578 proditur.
2076 2460 2388 2549 Plinius
2422 2464 2527 2547 ad
2567 2461 3211 2572 Cyrrhesticam
3248 2462 3565 2570 trahit,
3601 2470 3828 2555 Am·

1274 2601 1618 2685 mianus
1642 2651 1668 2702 ‚
1747 2592 2174 2701 leianus
2209 2611 2301 2677 et
2342 2591 2831 2702 Stephanus
2866 2590 2974 2676 ad
3002 2591 3555 2700 Phoenicen,
3608 2598 3830 2682 vici·

1277 2753 1427 2812 nas
1476 2727 1580 2811 ad
1627 2720 2262 2832 borapelioten
2332 2739 2420 2805 et
2485 2722 2855 2809 austrum
2924 2724 3340 2832 regiones
3426 2776 3456 2828 ,
3517 2724 3832 2811 ‘Ptole-

1274 2880 1573 2941 maeus
1609 2854 1717 2938 ad
1754 2855 2331 2968 Apamenen,
2421 2849 2521 2932 ab
2555 2850 2935 2962 Apamia
2963 2852 3180 2936 vrbe
3211 2852 3550 2938 Oronti
3574 2873 3664 2938 et
3704 2856 3828 2942 E-

1276 2986 1542 3070 misae
1574 2985 1891 3077 vicina,
2026 2979 2117 3070 Si
2149 2981 2336 3091 quis
2369 2975 2588 3062 mihi
2620 2977 3030 3065 molestus
3066 2980 3232 3066 efl‘e
3276 2981 3496 3066 velit
3533 3035 3560 3086 ‚
3640 3008 3827 3069 ma.

1268 3106 1434 3202 lim
1510 3113 1915 3223 equidem
1973 3108 2083 3194 ad
2138 3106 2748 3196 declinandam
2805 3109 3221 3194 inuidiam
3274 3107 3365 3192 in
3410 3112 3835 3206 Harduini

1270 3241 1798 3328 sententiam
1836 3237 2191 3352 pedibus
2222 3240 2403 3342 ire,
2478 3261 2735 3349 quam
2773 3239 3045 3324 etiam
3097 3241 3190 3325 in
3241 3237 3832 3327 antirrhetico

1271 3369 1704 3474 defendit,
1771 3386 1873 3453 vt
1923 3364 2340 3454 Ezechiel
2394 3361 2960 3474 Spanhemius
3005 3421 3030 3471 ,
3093 3365 3620 3477 grauiffimus
3671 3383 3828 3456 nu·

1274 3523 1634 3614 morum
1691 3498 2001 3584 censor
2038 3512 2246 3580 ante
2285 3518 2447 3578 nos
2482 3492 2690 3579 fecit
2779 3551 2807 3604 ‚
2876 3515 3134 3610 quam
3198 3517 3395 3579 cum
3447 3495 3828 3585 Valente

1274 3629 2033 3739 Mesopotamiam
2087 3625 2208 3709 cis
2251 3621 2797 3734 Euphratem
2849 3622 3337 3709 extendere
3385 3621 3493 3709 ad
3526 3625 3894 3728 Qronu

1271 3776 1486 3844 tem.
1525 3759 1821 3843 Fuerit
1860 3755 2128 3864 igitur
2168 3754 2458 3840 Emisa
2491 3754 3004 3863 prouinciae
3039 3752 3230 3835 suae
3266 3754 3833 3866 metropoliS,

1273 3884 1535 4000 suerit
1580 3909 1670 3972 et
1692 3882 2019 3972 Amida
2042 3880 2752 3990 Mesopotamiae
2777 3937 2801 3985 ‚
2826 3900 2923 3966 vt
2952 3879 3266 3968 Nisibis
3287 3907 3390 3992 qu
3403 3906 3661 3995 oque,
3682 3885 3832 3972 sed

1270 4015 1532 4100 serius
1564 4070 1589 4119 ,
1660 4012 1802 4097 sub
1837 4011 1963 4097 M.
1998 4007 2414 4121 Philippo
2462 4010 3062 4120 Imperatore:
3137 4029 3437 4095 manet
3475 4030 3776 4100 tamen
3798 4069 3839 4120 „

1268 4138 1673 4232 Edess‘am
1711 4142 1810 4225 ab
1856 4139 2329 4226 Antonino
2383 4137 2827 4227 Caracalla
2865 4141 3576 4258 praerogatiuam
3627 4161 3834 4230 ante

1276 4270 1657 4373 Carrhas
1695 4270 1863 4361 efl‘e
1898 4269 2268 4358 uastam.
2394 4267 2504 4356 In
2535 4269 2856 4356 notitia
2912 4253 3259 4381 antiqua
3305 4272 3513 4376 (10)
3561 4271 3835 4357 etiam

3521 4397 3831 4488 Edessa
3881 4397 3900 4422 ‘

1443 4684 1621 4764 (10)
1667 4704 1728 4764 p.
1771 4686 1883 4754 61,
