4559 5919
783 541 873 639 Ε
947 532 1425 639 NVMIS
1480 492 2401 639 ‘zszsTRA'TAE
2470 536 2704 641 zze.
2775 480 3014 640 ns
3062 576 3256 660 ,μ

634 753 992 878 persona
1031 758 1485 848 celebratas
1524 756 1954 866 infirmari
1990 772 2367 872 oporteat
2406 814 2433 865 ‚
2525 772 2794 846 tamen
2832 784 2940 848 ex
2966 767 3264 876 prima

645 886 1071 1006 transafla
1109 908 1365 1004 nuper
1402 887 1827 976 indiHione
1868 943 1896 995 ‚
2003 894 2133 974 ita
2165 886 2542 975 volumus
2581 889 3005 995 infirmari
3042 950 3069 1001 ‚
3146 909 3256 979 vt

642 1020 995 1106 alterius
1001 1014 1410 1133 fortunae
1445 1019 1588 1106 vel
1637 1015 1969 1104 honoris
1999 1014 2356 1104 homines
2399 1072 2429 1123 ,
2543 1020 2687 1133 qui
2705 1021 2886 1133 stne
2926 1020 3255 1108 decreto

627 1146 995 1261 praedia
1029 1149 1477 1234 curialium
1519 1151 1602 1234 in
1638 1154 2100 1234 memorata
2122 1147 2570 1265 prouincia
2604 1164 3246 1260 compararunt,

637 1280 997 1390 receptis
1023 1279 1332 1389 pretiis
1374 1334 1402 1385 ,
1436 1275 1910 1395 poffiffi‘ones
1932 1332 1959 1383 ‚
2006 1299 2216 1390 quas
2255 1292 2675 1384 emerant,
2721 1272 3061 1364 dominis
3104 1306 3245 1366 re·-

616 1405 1385 1520 stituant2ita,vt,
1412 1407 1504 1521 si
1528 1401 1823 1520 vsur'as
1870 1402 2012 1491 vel
2030 1397 2358 1518 sumtus
2415 1407 2543 1491 rei
2580 1405 3063 1524 melioratae
3084 1423 3241 1521 po-

622 1526 1042 1649 poscerint
1082 1589 1109 1643 ‚
1187 1560 1243 1619 a
1272 1535 1706 1622 venditore
1728 1534 2207 1648 percipiant
2233 1589 2257 1638 ‚
2278 1528 2623 1647 fruitus
2672 1532 3241 1622 inuicem‘red-

637 1659 939 1748 dituri.
1108 1652 1661 1752 Theodosius
1738 1665 1866 1753 M.
1981 1663 2256 1747 etiam
2314 1662 2536 1747 hanc
2576 1667 2957 1774 gratiam
3031 1664 3246 1754 fecit
3297 1702 3310 1709 ·

637 1791 1130 1899 Edess‘eni5‚
1259 1819 1457 1878 cum
1528 1793 1877 1880 Aedem
1954 1793 2330 1878 deorum
2370 1819 2665 1905 prope
2736 1793 3046 1879 vrbem
3090 1793 3256 1882 ha-

636 1920 954 2031 berent
989 1976 1017 2028 ‚
1127 1920 1599 2008 fimulacris
1675 1923 1778 2005 ab
1847 1938 2036 2007 arte
2094 1920 2531 2008 nobilibus
2612 1924 3171 2034 frequentem
3209 1977 3241 2030 ‚

640 2072 836 2133 eam
875 2051 1189 2135 aedem
1228 2069 1327 2134 vt
1358 2049 1558 2159 lege
1594 2048 1776 2134 lata
1816 2049 1921 2133 ad
1961 2047 2444 2134 Palladium
2489 2053 2803 2135 ducem
2845 2050 3245 2137 Osdroe-

636 2200 836 2282 nae,
868 2198 1182 2293 patere
1215 2178 1559 2265 iuberet
1599 2176 2309 2263 solemnitatibus
2349 2197 2441 2262 et
2481 2180 2906 2263 concioni
2945 2205 3246 2292 popu-

630 2305 858 2412 lari,
973 2306 1259 2392 modo
1304 2331 1352 2389 a
1407 2306 1848 2393 sacrificiis
1885 2305 2484 2391 abstineretur.
2649 2308 3069 2395 Euersam
3105 2328 3241 2392 ta·
3389 2326 3400 2343 ‘

636 2436 1207 2520 mendeinde
1290 2434 1460 2519 effe
1503 2461 1551 2519 a
1593 2437 1813 2521 duce
1857 2435 2039 2539 alio
2079 2433 2561 2521 Osrhoeno
2606 2489 2634 2540 ,
2679 2436 2951 2525 vxori
2995 2424 3234 2521 chri-

626 2565 946 2650 stianae
987 2586 1083 2650 et
1100 2563 1577 2650 monachis
1619 2562 2184 2674 obsequenti,
2226 2587 2277 2645 e
2350 2564 2723 2651 Libanio
2763 2564 3234 2652 secundum

576 2772 585 2779 .
633 2692 1061 2780 Iacobum
1094 2692 1766 2784 Gothofredum
1809 2690 2346 2775 ostendimus
2397 2691 2678 2804 supra.
2850 2678 3224 2783 Gotho·-

629 2819 918 2906 fredus
957 2824 1215 2933 piltat
1265 2820 1735 2908 Proculum
1808 2819 2282 2907 Comitem
2329 2820 2728 2908 Orientis
2766 2814 3238 2910 auctorem*

636 2948 875 3035 fuisse
913 3009 940 3057 ‚
1027 2974 1172 3036 aut
1211 2971 1459 3037 certe
1501 2948 2007 3062 Cynegium
2049 3003 2081 3055 ,
2154 2947 2295 3032 cui
2329 2948 2886 3037 Theodofius
2925 2953 3224 3039 occlu-

631 3080 899 3164 dendi
943 3107 1101 3191 per
1140 3082 1614 3167 Orientem
1656 3100 1746 3163 et
1796 3082 2326 3187 Aegyptum
2366 3082 2707 3195 templa
2749 3083 3226 3191 negotium

536 3291 551 3306 ,
626 3203 989 3294 dederat
1031 3230 1118 3295 et
1155 3209 1618 3296 Libanium
1661 3204 1847 3317 mei
1912 3202 2143 3316 ἱερῶν
2216 3211 2331 3294 Α.
2407 3211 2513 3299 C.
2570 3217 2795 3319 388.
2876 3210 3226 3299 dixiss‘e:

625 3362 831 3422 nam
876 3338 1377 3449 Cynegium
1416 3339 1533 3425 A.
1616 3335 1723 3424 C.
1841 3342 2075 3441 387.
2162 3331 2766 3423 Alexandriae
2801 3338 2890 3423 id
2932 3363 3222 3449 nego-

622 3467 843 3548 tium
888 3465 1340 3574 perfecisse
1381 3519 1409 3569 ,
1486 3485 1747 3574 atque
1786 3464 1901 3550 A.
1980 3462 2089 3552 C.
2171 3455 2395 3570 388.
2474 3467 2566 3552 in
2604 3467 2935 3562 itinere
2978 3471 3222 3554 diem

626 3592 928 3677 obiisse
989 3594 1527 3704 supremum.
1697 3594 1871 3695 (7)
1975 3593 2105 3675 At
2147 3592 2373 3675 mihi
2445 3596 2512 3679 is
2550 3596 2906 3680 videtur
2974 3595 3221 3681 fuisse

622 3749 807 3808 non
849 3723 1297 3833 Cynegius
1341 3776 1368 3824 ‚
1446 3720 1587 3805 sed
1629 3716 2110 3828 praescitus
2129 3716 2436 3830 aliquis
2467 3722 2979 3809 Osdroenae
3020 3726 3221 3837 post
3364 3775 3374 3789 ·

618 3849 1121 3940 Palladium.
1265 3851 1504 3939 Nam
1577 3849 2018 3956 Cynegius
2056 3902 2085 3950 ‚
2195 3867 2300 3933 vt
2375 3872 2566 3935 erat
2634 3854 3213 3964 imperatum,

618 3979 954 4090 templa
1004 3977 1299 4064 claufit
1351 4037 1379 4085 ,
1489 3978 1751 4063 diruit
1794 3975 2054 4061 nulla.
2186 3976 2543 4064 Testem
2612 3980 2953 4089 habeo,
3029 4007 3211 4095 quo

621 4132 896 4192 nemo
937 4109 1226 4217 potest
1265 4106 1431 4211 effe
1473 4109 1839 4215 grauior
1871 4161 1897 4209 ,
1974 4098 2434 4191 Zofimum
2476 4140 2498 4194 z
2607 4115 2698 4211 (8
2743 4118 2775 4215 )
2859 4112 3205 4214 isenim

616 4260 815 4320 cum
853 4235 1449 4346 Imperatoris
1487 4236 1867 4358 edietum
1907 4232 2411 4346 protulisset
2443 4289 2475 4343 ,
2583 4237 2810 4323 nihil
2845 4238 3076 4325 aliud
3115 4242 3204 4321 in

3016 4368 3207 4478 cy·
3282 4445 3291 4456 .
