4559 5919
2462 268 2507 303 Ι

856 507 942 606 Ε
1010 499 1457 604 unns
1526 496 2430 602 ILLVSTRATAE
2495 500 2732 604 Lm.
2811 509 2986 603 ιιι
3071 483 3181 625 ξς
3207 541 3251 627 5

699 726 1131 814 Romanis
1167 723 1285 810 sui
1323 724 1530 811 iuris
1547 720 1863 809 liberas
1882 723 2049 810 esse
2093 720 2340 809 iuffit.
2371 720 2512 815 Sic
2554 723 2864 814 Manus
2898 749 3269 839 regnum

696 852 1285 964 recuperauit.
1415 856 1660 938 Hanc
1697 871 1992 940 totam
2025 852 2479 969 historiam
2514 854 2779 941 Iulius
2815 856 3271 942 Africanus

695 981 1051 1065 videtur
1089 977 1542 1065 narrauiss‘e
1581 978 1691 1065 a'd
1719 1002 2482 1091 annum-quartum
2502 984 2962 1073 Hadriani:
3036 983 3261 1073 Gre-
3371 1070 3375 1074 .
3440 1024 3451 1035 ³

698 1109 1004 1218 gorius
1039 1108 1260 1192 item
1310 1109 1663 1193 videtur
1703 1133 1891 1192 non
1927 1126 2386 1215 totam,vt
2429 1130 2621 1193 erat
2659 1114 2751 1195 in
2798 1112 3262 1214 Africano,

635 1322 640 1327 ,
697 1235 844 1320 sed
878 1254 1225 1345 partem
1262 1234 1731 1320 minimam
1780 1256 1914 1321 ex·
1952 1256 2165 1321 toto
2216 1237 2529 1320 ordine
2578 1258 3098 1350 excerptam
3132 1241 3269 1323 in·-

689 1362 1035 1447 seruiffe
1075 1360 1371 1446 eidem
1422 1386 1689 1447 anno.
1813 1364 2155 1450 Tamen
2195 1362 3061 1475 Mesopotamienses
3100 1391 3270 1476 po-

701 1493 865 1574 tius
899 1515 1136 1574 anno
1176 1491 1454 1574 tertio
1487 1490 1999 1576 libertatem
2053 1492 2275 1576 nacti
2324 1492 2515 1576 sunt
2549 1494 2971 1581 Hadriani
3002 1495 3275 1581 bene-

697 1615 906 1711 ficio
950 1669 977 1721 ,
1055 1641 1312 1729 quam
1346 1637 1695 1726 quarto.
1828 1618 2176 1732 Quarto
2219 1642 2456 1702 anno
2488 1620 2974 1713 Hadrianus
3008 1642 3146 1707 res
3181 1621 3272 1703 in

700 1744 1042 1842 Moesia
1078 1745 1531 1830 ordinauit
1566 1745 1818 1856 seque
1868 1764 2187 1853 contra
2265 1744 2707 1835 Sarmatas
2745 1768 2836 1834 et
2872 1749 3269 1840 Roffala-

699 1898 868 1957 nos
898 1875 1304 1961 muniuit.
1440 1876 1567 1960 At
1602 1873 2042 1984 superiori
2074 1864 2316 1959 anno
2360 1930 2386 1982 ,
2432 1902 2632 1961 cum
2665 1878 2755 1960 in
2800 1872 3273 1965 Palaestina

702 1998 1057 2109 ageret,
1123 2000 1510 2113 propior
1547 1998 1706 2085 fuit
1745 1999 2460 2109 Mesopotamiae
2493 2027 2722 2093 cura,
2859 2001 3271 2117 Scripto-

667 2118 841 2213 'ffes
904 2154 1129 2213 vero
1189 2128 1464 2214 nostri
1528 2127 1861 2214 nullum
1941 2150 2292 2215 certum
2352 2149 2705 2243 tempus
2758 2131 3277 2218 ediderunt:

685 2271 1048 2344 ,tantum
1092 2256 1230 2339 sub
1270 2256 1663 2366 auspiciis
1694 2259 2055 2365 imperii
2089 2258 2521 2367 produnt.
2657 2257 2960 2343 Aelius
3004 2259 3299 2369 Spar-·

699 2382 985 2469 tianus
1023 2384 1115 2467 in
1152 2385 1663 2472 Hadriano:
1807 2388 1979 2490 (7)
2060 2382 2426 2472 Parthos
2457 2388 2543 2472 in
2566 2383 2946 2470 amicitia
2952 2377 3275 2498 semper
3376 2422 3419 2477 ·.

695 2505 985 2597 habuit
1035 2564 1083 2615 ‚,
1209 2494 1429 2626 quod
1453 2509 1632 2596 inde
1668 2535 1934 2621 regem
1967 2512 2361 2596 retraxit
2394 2566 2427 2617 ,
2572 2537 2808 2626 quem
2845 2503 3273 2598 Traianus

699 2631 1191 2751 imposuerat
1226 2672 1245 2725 ε
1317 2636 1743 2726 Armeniis
1776 2663 2045 2747 regem
2076 2637 2382 2724 habere
2401 2640 2778 2751 permisit
2812 2692 2838 2745 ‚
2928 2633 3270 2754 cumsub

704 2760 1076 2854 Traiano
1113 2765 1458 2876 legatum
1499 2759 1977 2880 habutffent:
2050 2792 2104 2851 a
2157 2758 2771 2881 Mesopotamiis
2807 2789 2957 2852 non
2986 2770 3271 2881 exegit

695 2891 1105 2987 tributum
1148 2948 1175 3000 ‚
1245 2893 1463 3009 quod
1485 2880 1909 2981 Traianus
1926 2887 2326 3009 imposuit.
2554 3001 2557 3008 y

931 3024 1239 3111 Exstat
1281 3047 1583 3109 numus
1625 3045 1940 3108 aeneus
2009 3075 2036 3125 ,
2175 3049 2437 3133 quem
2501 3019 3091 3114 Buxbaumius
3150 3045 3269 3113 ex

706 3151 1054 3240 oriente
1099 3150 1426 3237 attulit.
1553 3148 1662 3234 In
1706 3149 2053 3235 aduersa
2090 3150 2208 3233 est
2240 3152 2664 3238 Hadriani
2700 3157 2932 3261 Aug.
3072 3149 3267 3241 vul⁶

705 3298 842 3365 tus
873 3306 1070 3365 cum
1112 3279 1290 3362 hoc
1323 3279 1645 3367 titulo:
1722 3337 1742 3362 .
1822 3339 1844 3360 .
1920 3267 1954 3360 .“
2035 3278 2598 3367 APIANOC.
2670 3280 3123 3369 KAICAP
3171 3281 3263 3365 in

708 3408 997 3491 auersa
1047 3411 1366 3493 ΑΒΓΑ
1439 3469 1461 3490 .
1546 3463 1568 3489 .
1642 3469 1667 3492 .
1739 3404 2226 3500 inscribitur
2271 3405 2623 3493 huiusce
2675 3409 2904 3519 regis
2950 3406 3259 3495 vultus.
3294 3406 3373 3473 T·
3416 3406 3524 3476 Ν·

705 3535 847 3623 Ex
882 3534 1056 3617 hoc
1092 3559 1368 3648 numo
1413 3534 1587 3617 duo
1619 3532 2272 3642 intelligunture
2298 3535 3030 3644 primum‚Mano
3064 3535 3267 3619 huic
3377 3505 3443 3556 ²·

708 3687 1056 3776 quoque
1099 3686 1434 3746 nomen
1468 3659 1924 3769 dignitatis
1957 3659 2229 3743 cauffa
2265 3658 2505 3744 fuiss‘e
2537 3660 3031 3770 Abgarum:
3108 3685 3261 3746 ne-

709 3816 876 3902 que
915 3791 1151 3874 enim
1191 3790 1300 3875 ad
1333 3787 1604 3872 alium
1650 3812 1956 3899 regem
2008 3788 2408 3899 pertinet
2459 3813 2795 3873 numus.
2932 3785 3261 3878 Secun-

715 3920 922 4003 dum
960 3916 1172 4002 haec
1212 3915 1787 4029 intelligitur,
1863 3939 1979 4001 ex
2018 3942 2131 4002 eo
2163 3937 2596 4028 tempore
2617 3969 2646 4022 ‚
2725 3940 2924 4002 cum
2957 3919 3262 4006 Traia·

701 4069 871 4132 nus
903 4045 1298 4130 Edessam
1338 4048 1671 4152 tenuit,
1713 4065 1973 4153 atque
2011 4067 2216 4170 curn
2253 4046 2740 4133 Hadrianus
2769 4068 3075 4155 regem
3121 4071 3263 4130 re·-

712 4172 989 4264 stituit
1025 4224 1055 4277 ‚
1130 4171 1638 4256 Osrhoenos
1645 4197 1925 4381 x{eges
1965 4174 2802 4283 Romanoimperio
2825 4172 3263 4383 fuiffeipn-

1812 4326 1863 4381 2
2540 4353 2557 4358 -
3147 4326 3266 4384 ri·

878 4622 1210 4709 (nean
