4559 5919
26 5007 31 5068 -·-
20 4503 31 4958 ————-—-—---—-..—-

1312 597 1352 651 1
1378 575 1425 650 a
1445 596 1508 674 4
1780 538 2492 647 HISTORIAE
2607 462 3380 644 osRHoENAE

1300 803 1470 886 que
1505 772 1687 860 aliis
1706 772 2018 882 genios
2055 764 2914 878 tnbuermt,qu1pro
2954 777 3262 861 natura
3300 777 3393 847 et
3430 758 3883 850 conditio·

1319 928 1427 989 ne
1467 928 1781 989 eorum
1805 926 1963 1010 per
1993 892 2434 1011 σὺμὲολα
2442 881 3072 1008 pingebantur,
3099 891 3618 977 imitatione
3657 917 3886 977 muss-

1306 1056 1411 1114 ce
1436 1035 1560 1117 rei
1578 1032 1689 1117 ad
1706 1028 2214 1137 chnstlanos
2234 1049 2497 1135 vsque
2517 1037 3084 1137 peruagante.
3095 1019 3235 1106 Sic
3256 1022 3631 1115 ecodiee
3651 1021 3887 1107 secu·-

1302 1159 1370 1244 li
1411 1161 1761 1262 decimi,
1809 1159 1897 1242 in
1936 1180 2111 1267 quo
2133 1172 2444 1241 catena
2461 1155 2816 1239 Patrum
2837 1148 3323 1237 mPsalmos
3347 1151 3884 1256 est,Be1·nar··

1312 1289 1463 1371 dus
1508 1285 2065 1381 Montefalco
2078 1291 2241 1389 (6)
2276 1281 2558 1367 adfert
2597 1281 3064 1366 hominem
3100 1277 3428 1365 nudum
3467 1279 3926 1366 violaceo·

1100 1446 1111 1455 ·
1212 1488 1217 1493 ,
1313 1440 1616 1529 panno
1672 1418 1847 1500 ima
1894 1416 2304 1525 corporis
2357 1411 2940 1521 obtegentem
2979 1461 3006 1511 ‚
3121 1434 3381 1493 ramo
3421 1411 3690 1511 vil-idi
3723 1418 3882 1495 ‘co-

1213 1556 1222 1571 '
1318 1567 1791 1646 nonatum,
1872 1540 2681 1651 dexteraimpofita
2719 1540 3037 1649 capiti,
3111 1537 3439 1623 finistra
3473 1556 3885 1624 truncum

1342 1674 1681 1758 arboris
1718 1671 2338 1780 complexum,
2378 1693 2578 1751 cum
2643 1666 3131 1776 epigraphe
3181 1670 3405 1777 0305
3443 1663 3882 1783 BnSM-ep..

1322 1801 1431 1915 In
1468 1803 1795 1887 eodem
1828 1800 2141 1885 codice
2176 1799 2492 1883 mulier
2525 1796 2627 1882 ab
2660 1795 3084 1880 umhilico
3157 1820 3272 1881 ex
3320 1797 3553 1908 aquis
3592 1810 3882 1883 emer·-

1316 1929 1450 2039 git
1488 1986 1512 2035 ‚
1614 1926 2346 2023 remum-finistta
2388 1908 2941 2037 humeroque
2990 1923 3339 2009 sustinet
3393 1977 3419 2030 ,
3515 1925 3888 2010 dex-tera

1336 2059 1477 2142 ori
1512 2059 1879 2142 admota
1917 2080 2116 2140 cum
2146 2057 2427 2141 titulo
2468 2109 2494 2160 ‚
2573 2045 2936 2173 Εᾱυθξοὶ
2958 2048 3426 2140 θάλασσα.
3519 2053 3665 2141 Est
3719 2055 3885 2137 eti-

1336 2210 1484 2270 am
1528 2187 1839 2269 tertius
1873 2187 2177 2293 genius
2212 2188 2548 2268 montis
2602 2183 2836 2269 Sinai
2871 2238 2895 2287 ,
2939 2181 3260 2289 finistra
3299 2184 3604 2272 innixa
3639 2185 3728 2265 in
3763 2183 3885 2267 sa-

1327 2337 1457 2398 xo
1498 2370 1522 2418 ,
1599 2316 1974 2400 dextera
2012 2314 2401 2399 radicem
2440 2309 2778 2399 arboris
2812 2312 3154 2426 tenena.
3285 2313 3436 2399 Ad
3464 2310 3890 2399 Eustathii

1317 2439 2105 2528 Theffalonicenfis
2143 2446 2321 2546 (7)
2394 2460 2784 2525 aetatem
2826 2442 3216 2549 pistores
3233 2440 3586 2525 summis
3619 2466 3916 2525 mon·-

1326 2571 1555 2654 tium
1628 2561 2126 2678 Φαντασίας
2195 2561 2422 2681 ζώων
2496 2570 2987 2679 appingere
3015 2569 3473 2675 solebant,
3541 2591 3642 2654 vt
3694 2569 3888 2654 leo-

1252 2698 1271 2709 “
1321 2699 1455 2784 nis
1492 2754 1518 2803 ,
1597 2719 1695 2783 vt
1730 2696 2099 2784 aliarum
2139 2698 2722 2782 animantium
2763 2751 2792 2802 ,
2821 2689 3546 2816 χειξογξαφῧντες
3612 2723 3888 2813 μιμη·

1327 2825 1567 2926 ταῶς
1639 2818 1792 2930 τὴν
1863 2822 2270 2929 ἀλήθειαν
2310 2879 2351 2929 ,‚
2415 2824 2592 2909 hoe
2624 2826 2742 2910 est
2781 2879 2808 2932 ‚
2921 2846 3021 2911 vt
3062 2830 3402 2938 opinor
3442 2882 3468 2932 ‚
3583 2828 3892 2937 prouti

1320 2954 1466 3040 seu
1496 2976 1811 3048 natura
1845 2955 1988 3039 seu
2039 2953 2376 3064 species
2426 2955 2759 3040 montis
2813 2955 3217 3068 cuiusque
3280 2981 3609 3041 arcano
3658 2954 3891 3066 sym-

1198 3182 1203 3186 q
1322 3055 1533 3168 bido
1569 3080 2040 3193 fignificat-i
2078 3103 2470 3193 poterat.
2675 3085 2838 3171 Hic
2873 3088 3180 3194 genius
3245 3084 3610 3170 Edeffae
3659 3082 3890 3169 vrbis

1329 3236 1592 3298 manu
1630 3228 1883 3296 tenet
1916 3227 2129 3295 ante
2163 3237 2431 3315 aram,
2503 3208 2676 3295 fiue
2714 3235 3168 3323 pateram,
3245 3230 3343 3296 vt
3378 3216 3469 3297 in
3501 3238 3686 3297 vno
3724 3237 3888 3295 no-

1329 3338 1508 3425 stro
1550 3340 2043 3428 Alexandri
2080 3340 2383 3428 Seueri
2414 3359 2505 3423 et
2544 3341 2635 3420 in
2680 3338 2859 3424 alio
2897 3343 3134 3451 'apud
3166 3339 3702 3458 Valentem,
3755 3345 3892 3446 (8)

1330 3470 1575 3577 quod
1638 3470 2068 3585 deuotam
2133 3469 2295 3551 diis
2364 3484 2453 3549 et
2520 3463 3152 3554 sacrificantem
3202 3494 3375 3581 pro
3422 3468 3892 3555 incolumi-

1331 3613 1520 3679 tate
1577 3598 2154 3707 imperatoris
2205 3591 2695 3708 populique
2761 3598 3157 3685 Romani
3205 3596 3516 3682 vrbem
3563 3596 3891 3705 fignifi-

1333 3742 1475 3807 cat
1522 3779 1545 3827 ,
1624 3724 1796 3808 fiue
1833 3726 2103 3835 spicas
2135 3782 2158 3828 ‚
2231 3723 2713 3809 fertilitatis
2766 3746 2857 3808 et
2898 3750 3306 3810 annonae
3344 3722 3886 3835 symbolum,

1326 3875 1591 3957 quam
1630 3852 2058 3935 summam
2101 3849 2339 3937 fuisse
2379 3906 2403 3955 ,
2483 3852 2630 3936 vel
2668 3873 2782 3937 ex
2822 3853 3237 3939 Vilermo
3272 3854 3558 3962 Tyrio
3597 3854 3890 3938 osten-

1335 3976 1636 4062 demus
1670 3979 1920 4066 infra.
1995 3978 2101 4062 In
2139 3982 2600 4090 postremo
2638 3978 3178 4093 aliquantum
3219 3983 3575 4092 ambigo
3608 4038 3632 4087 ‚
3681 3999 3892 4093 pot·

1334 4104 1452 4192 est
1511 4105 1752 4189 enim
1805 4102 2007 4189 fieri
2082 4159 2109 4212 ‚
2216 4126 2317 4194 vt
2370 4106 2542 4192 flos
2588 4104 2693 4191 fit
2748 4111 3120 4222 aliquis,
3233 4113 3505 4224 quiet
3545 4112 3726 4222 ipse
3786 4109 3894 4192 ad

3681 4237 3897 4324 reli-.

1503 4556 1628 4634 (6)
1674 4561 1739 4617 in
1769 4557 2212 4641 palaeographi
2219 4584 2251 4624 a
2282 4585 2342 4645 p.
2391 4583 2498 4629 11.
2557 4561 2689 4649 (7)
2768 4570 2838 4630 In
2863 4569 3201 4654 parecboliss
3236 4570 3568 4634 Hometicis
3601 4547 3900 4650 21:368·-

1330 4639 1426 4700 ed
1470 4640 1657 4705 Rom.
1696 4641 1879 4725 348)
1918 4644 1993 4703 de
2025 4647 2586 4734 coloniisp.119.
3010 4709 3022 4724 ,
