4559 5919
825 568 911 669 E
976 561 1429 670 NVMIS
1493 564 2398 672 ILLVSTRATAE
2463 573 2696 677 LIB.
2798 577 2978 676 IV.
3076 611 3266 698 217

696 787 994 889 Omnes
1007 788 1260 909 fundi
1287 789 1923 942 patrimoniales
1942 806 2107 909 per
2144 785 2824 915 Mesopotamiam
2854 815 2942 889 et
2965 794 3274 951 Osdro-

700 921 1028 1010 chonam
1051 925 1574 1040 prouincias,
1645 947 1849 1040 quos
1880 926 2223 1031 conflat,
2269 928 2643 1014 diuorum
2677 948 2914 1018 retro
2950 933 3278 1044 princi-

688 1069 891 1167 pum
930 1044 1479 1176 sanctionibus
1532 1054 1786 1143 lzmttz
1815 1054 2284 1169 deputatos,
2355 1057 2468 1141 ad
2513 1062 2640 1144 ius
2666 1062 3100 1175 pristinum
3150 1061 3274 1174 si-

708 1208 805 1267 ne
853 1182 1099 1269 vllius
1171 1175 1647 1307 adsertionis
1713 1199 2202 1270 reuocentur
2252 1185 2644 1299 obstaculo
2683 1243 2712 1294 ‚
2792 1184 3279 1302 praebitufii

702 1312 970 1398 omnia
1005 1366 1034 1418 ,
1106 1336 1318 1425 quae
1393 1326 1637 1398 antea
1715 1311 2233 1424 impendenda
2318 1317 2898 1424 neceffitatibus
2979 1316 3281 1408 limitis

630 1480 643 1500 ·
692 1436 1082 1555 praeberi
1109 1431 1678 1553 consueuerant
1751 1475 1771 1530 z
1844 1443 1971 1524 ita
2019 1456 2123 1526 vt
2156 1442 2346 1529 nulli
2387 1445 2715 1560 penitus
2746 1445 3200 1530 audiantur
3243 1500 3285 1554 2

701 1572 847 1684 qui
911 1583 1060 1653 aut
1106 1562 1497 1682 rescripto
1547 1582 1698 1655 aut
1745 1568 2262 1657 adnotatione
2301 1568 2732 1658 dominium
2782 1573 2925 1660 vel
2949 1572 3276 1685 emphy-

690 1698 955 1811 teusin
1032 1752 1070 1800 -,
1176 1696 1316 1782 vel
1355 1693 1939 1784 conductionem
1996 1697 2351 1815 quolibet
2367 1725 2668 1813 genere
2715 1688 3149 1816 largitatis
3182 1698 3294 1793 de*

698 1828 993 1912 nostra
1040 1822 1543 1913 liberalitate
1581 1828 2057 1914 meruerint.
2187 1829 2444 1916 Idem
2495 1832 2790 1919 statuit
2842 1836 2920 1918 T
2923 1832 3280 1916 heodo·

699 1956 1193 2043 fiilunioris
1230 1979 1318 2041 et
1358 1957 2142 2043 ValentinianiIII.
2186 1962 2790 2069 prouidentia,
2836 1962 3298 2046 Theodo-

699 2080 831 2173 fio
867 2089 1094 2193 Aug
1133 2084 1428 2172 XVII
1468 2104 1557 2171 et
1596 2086 1848 2172 Festo
1886 2086 2142 2174 Coss.
2179 2089 2293 2172 A.
2333 2090 2439 2178 C·
2481 2121 2712 2199 439.
2736 2090 3130 2200 legelata
3169 2088 3281 2177 ad
3402 2172 3428 2183 -

702 2213 1259 2303 Florentium
1303 2212 1851 2324 praefestum
1909 2217 2420 2327 praetorii:
2492 2224 2646 2343 (9)
2694 2214 2937 2304 Nulli
2983 2222 3146 2302 iam
3197 2220 3296 2303 in*

691 2343 1111 2458 potiorum
1141 2341 1389 2428 licere
1409 2345 1968 2455 praecipimus
2000 2400 2027 2451 ‚
2088 2338 2723 2457 patrimoniales
2732 2341 2878 2460 seu
2912 2343 3275 2430 limitro-

685 2469 899 2587 phos
933 2471 1083 2556 vel
1077 2462 1506 2585 saltuenJes
1523 2466 1815 2581 fundos
1849 2528 1876 2578 ‚
1955 2475 2099 2588 qui
2115 2489 2279 2586 per
2329 2471 2687 2562 tractum
2755 2477 3100 2560 orientis
3122 2488 3277 2587 po-
3314 2518 3341 2545 ·

682 2602 838 2718 stti
851 2592 1049 2712 sunt
1092 2654 1118 2706 ,
1192 2599 1306 2686 ad
1334 2605 1462 2685 ius
1518 2596 1988 2713 transfhrre
2005 2604 2438 2718 priuatum
2462 2657 2488 2710 ,
2550 2606 2731 2718 siue
2789 2602 3046 2690 demto
3096 2604 3279 2717 siue

664 2720 914 2844 saluo
959 2753 1250 2816 canone
1287 2729 1500 2815 iuris
1543 2723 1976 2839 fundorum
2013 2733 2472 2818 immutatio
2493 2732 2998 2847 postuletur:
3073 2731 3276 2842 legis

694 2873 1247 2945 temeratores
1284 2859 1877 2973 quinquaginta
1921 2857 2333 2947 librarum
2384 2865 2579 2947 auri
2607 2878 2864 2975 poena
2901 2860 3314 2947 coercen-·

690 3003 882 3075 tes.
864 3013 883 3032 ·
956 3003 1125 3074 tam
1158 2985 1542 3074 videlicet
1570 2989 2010 3101 petitorem
2056 3045 2081 3096 ‚
2148 3017 2393 3106 quam
2447 2989 2782 3105 officium
2827 2989 3279 3105 quodpeti-

705 3118 993 3202 tionem
1038 3116 1396 3202 concedit
1498 3148 1518 3202 ε
1604 3115 1793 3201 licet
1828 3115 2244 3202 adnotatio
2276 3124 2552 3235 nostra
2585 3120 2732 3204 vel
2755 3120 3032 3205 diuina
3056 3135 3277 3231 pra·

617 3282 621 3286 ·
686 3249 1068 3358 gmatica
1098 3258 1398 3330 contra
1432 3247 1784 3329 vetitum
1805 3219 2386 3358 proferaturs
2464 3250 2571 3334 In
2624 3249 2841 3333 haec
2883 3268 3284 3335 tantum

704 3374 990 3460 modo
1034 3397 1457 3485 tempora
1492 3377 2037 3461 conueniunt
2132 3429 2158 3479 ,
2251 3400 2470 3489 quae
2523 3374 2784 3463 habet
2826 3377 3283 3488 cxpofitio

707 3505 986 3589 totius
1025 3503 1328 3587 mundi
1369 3527 1416 3584 a
1448 3495 2032 3590 Goth'ofredo
2086 3506 2477 3614 primurn
2530 3507 2769 3592 edita
2827 3561 2851 3612 ‚
2935 3507 3139 3590 dein
3175 3504 3278 3589 ab

700 3631 1154 3721 Hudson0.
1292 3624 1626 3714 Nofira
1662 3646 1908 3715 terra
1944 3621 2541 3744 Mesopotamia
2578 3655 2657 3718 et
2690 3631 3145 3725 Osdroena.
3167 3635 3275 3720 In
3391 3625 3400 3632 ’

703 3761 1393 3873 Mesopotamia.
1527 3753 1746 3845 Sunt
1776 3780 1968 3870 ergo
1996 3757 2321 3874 Nisibis
2355 3777 2438 3846 et
2466 3757 2752 3877 Edeffa
2821 3796 2841 3848 ε
2915 3786 3124 3878 quae
3195 3762 3279 3855 in

702 3890 1063 3977 omnibus
1094 3892 1332 3975 viros
1368 3884 1661 3973 habent
1700 3889 2037 4002 optimos
2071 3902 2152 3974 et
2191 3891 2269 3976 in
2338 3895 2648 4003 negotio
2719 3890 2962 3979 valde
2992 3908 3281 3979 acutos

700 4034 785 4106 et
819 4016 1007 4104 bene
1037 4029 1320 4105 nantes
1358 4021 1868 4132 (nauigantes
1891 4072 1917 4125 ,
1978 4038 2079 4106 vt
2108 4021 2384 4107 visum
2426 4023 2819 4127 eruditis)
2839 4025 3285 4135 praecipue

707 4162 790 4234 et
825 4146 1121 4233 diuites
1151 4160 1232 4232 et
1263 4149 1621 4235 omnibus
1651 4145 1874 4253 bonis
1923 4151 2202 4235 ornati
2215 4142 2436 4263 sunt.
2641 4135 3154 4262 Accipient&
3193 4178 3277 4236 e·-

703 4280 867 4368 nim
906 4300 959 4364 a
993 4271 1263 4391 Persis
1295 4277 1450 4391 ipfi
1469 4278 1549 4363 in
1585 4300 1881 4363 omnem
1913 4293 2248 4364 terram
2323 4276 2880 4366 Romanorum
2933 4280 3280 4366 venden-

2026 4408 2103 4497 E
2144 4431 2193 4492 e
2367 4425 2378 4430 ”
3142 4423 3272 4496 tes

984 4710 1092 4806 (9)
1132 4712 1216 4781 ib.
1256 4712 1326 4780 ι.
1355 4727 1448 4794 13.
2958 4689 3144 4744 *Ns
