4559 5919
896 566 984 669 Ε
1057 572 1507 674 Nrffls
1588 573 2498 678 ILLVSTRATAE
2585 582 2822 680 Lm,
2896 586 3074 683 ιν.
3159 603 3345 707 ιε,

768 790 1081 885 Se'ueri
1131 800 1671 883 MHTPOII.
1748 791 2462 887 ΔΕΣΣΗΝΩΝ
2549 802 2655 886 ad
2711 796 3039 917 Deffam
3100 807 3354 915 supe-

764 925 1035 1010 rioris
1074 930 1476 1036 Aegypti
1516 924 1789 1009 refert
1866 949 1887 1003 ε
1950 929 2449 1017 Holstenius
2492 954 2731 1016 vero
2779 937 3015 1018 reste
3067 937 3355 1020 existi-

756 1071 952 1137 mat
1016 1056 1114 1138 in
1164 1081 1439 1141 numo
1489 1052 1722 1139 fuifl'e
1759 1048 2585 1145 ΕΔΕΣΣΗΝΩΝ.
2792 1062 3034 1175 Quae
3075 1065 3348 1146 etiam

766 1179 1296 1288 spanhemii
1335 1203 1423 1265 et
1462 1184 1887 1268 Harduini
1922 1188 2242 1294 opinio
2287 1188 2433 1271 est.
2522 1187 2674 1271 His
2709 1212 2872 1270 nos
2910 1191 3345 1298 iungimus

764 1310 988 1393 duos
1027 1333 1351 1395 aeneos
1385 1335 1703 1396 numos
1796 1365 1823 1415 ,
1934 1338 2153 1424 quos
2203 1314 2790 1400 Buxbaumius
2828 1340 2944 1401 ex
2985 1317 3404 1400 oriente

765 1436 1111 1543 attulit,
1182 1464 1384 1526 cum
1420 1437 1664 1522 vultu
1708 1440 1831 1524 Μ.
1868 1438 2209 1526 Aurelii
2254 1441 2757 1530 caracallae
2798 1462 2888 1527 et
2923 1445 3336 1529 coloniae
3366 1459 3444 1523 Τ.
3488 1461 3570 1524 v.

761 1568 1035 1672 genio
1081 1569 1408 1651 turrito
1445 1569 1916 1679 velatoque
1953 1569 2430 1683 inscriptos
2464 1570 2742 1659 COA
2785 1573 3080 1657 ΜΕΤ
3131 1573 3339 1659 AN·
3417 1545 3475 1608 ⁸
3503 1555 3572 1621 9·

760 1692 1344 1787 TONIANA

999 1824 1125 1909 IL
1251 1824 1575 1909 Dicam
1615 1850 1799 1910 non
1832 1825 2115 1911 modo
2157 1826 2263 1910 de
2304 1826 2483 1931 his,
2563 1826 2709 1911 sed
2749 1828 3022 1914 etiam
3062 1825 3167 1910 de
3188 1849 3336 1912 ce·

761 1953 973 2036 teris
1010 1952 1343 2054 numi8‚
1422 1956 2289 2066 quimoxsequentur
2315 1979 2538 2059 ,vna
2577 1976 2836 2068 atque
2879 1957 3188 2041 eadem
3229 1979 3335 2037 o-

758 2103 1006 2187 pera.
1134 2079 1343 2163 Tria
1412 2097 1711 2166 autem
1788 2083 1877 2164 in
1935 2083 2343 2167 vniuerfis
2399 2084 3026 2167 confideranda
3078 2083 3339 2166 duco.

756 2203 1146 2292 Primum
1170 2211 1513 2292 auersae
1550 2208 1982 2318 effigiem,
2008 2212 2474 2294 secundum
2497 2186 2914 2296 εοῑοῐιὶὲῐε
2954 2233 3333 2314 nomen,

760 2339 1133 2422 tertium
1171 2337 1800 2445 metropoleos
1824 2339 2382 2446 dignitatern.
2456 2339 2564 2425 In
2583 2338 2867 2423 auersa
2902 2335 3338 2445 effig1eefl:

760 2466 1072 2574 genius
1098 2466 1332 2549 vrbis
1364 2464 1767 2574 signatus.
1902 2466 2420 2577 Plerumque
2448 2468 2566 2552 est
2600 2466 3036 2551 muliebris
3055 2463 3336 2572 figurat

755 2597 1051 2702 capite
1072 2594 1401 2677 turrito
1437 2615 1525 2679 et
1561 2597 1909 2698 velato,
1980 2620 2196 2705 quae
2242 2599 2332 2680 in
2381 2621 2602 2705 rupe
2638 2594 2923 2698 sedet,
2991 2592 3136 2675 sub
3164 2615 3331 2703 qua

757 2737 873 2807 ex
914 2724 1145 2832 aquis
1177 2715 1567 2838 ’προ-τομὴ
1600 2725 1838 2831 genii
1877 2721 2237 2806 alterius
2263 2726 2673 2832 emergit.
2839 2721 3100 2839 Quod
3141 2739 3328 2804 tur·

751 2852 929 2934 rita
965 2851 1149 2956 est,·
1201 2850 1296 2932 id
1328 2853 1876 2933 munimenta
1914 2851 2147 2934 vrbis
2184 2851 2515 2935 indicat
2559 2885 2580 2936 ι
2669 2850 2906 2961 quod
2956 2846 3248 2933 velata
3291 2892 3324 2950 2

748 2978 846 3061 id
884 2989 1108 3063 v‘ero
1161 2979 1485 3064 sacram
1530 2999 1617 3063 et
1665 2982 2161 3090 principem
2197 2977 2437 3064 fuiffe
2497 3033 2526 3083 ⁷
2601 2996 3133 3086 argumento
3178 2975 3328 3061 est.
3377 3043 3382 3046 -
3497 2961 3508 2968 ’

749 3104 895 3194 Est
943 3108 1176 3191 enim
1208 3107 1733 3211 suffibulum,
1805 3109 2092 3218 quales
2139 3109 2522 3216 virgines
2569 3105 2934 3192 vestales
2970 3108 3326 3193 Romae

748 3235 1173 3342 gerebant
1217 3289 1243 3338 ‚
1322 3260 1520 3317 cum
1556 3237 1807 3319 sacris
1845 3257 2432 3344 operarentur
2506 3257 2528 3310 z
2590 3234 3143 3347 vestimentum
3189 3227 3326 3315 al-

747 3359 941 3447 bum·
957 3376 1496 3472 praetextum
1537 3361 2183 3476 quadrangulum
2233 3360 2648 3472 oblongum
2706 3413 2736 3464 ‚
2827 3357 3048 3473 quod
3051 3355 3328 3463 fibula
3461 3393 3472 3402 ·

748 3488 1605 3599 comprehendebatur,
1677 3509 1775 3575 vt
1812 3494 1930 3575 ait
1982 3492 2288 3576 Festus.
2438 3492 2738 3577 Etiam
2789 3508 3140 3572 ceteros
3192 3485 3323 3569 sa·-

744 3609 1161 3702 cerdotes
1198 3616 1594 3726 publicos
1631 3617 2010 3700 suffibula
2064 3618 2488 3718 habuisse,
2572 3635 2770 3698 cnm
2824 3614 3053 3697 sacra
3087 3612 3323 3696 face·-

743 3763 995 3849 rent,
1078 3765 1265 3829 tum
1300 3745 1727 3854 Iosephus
1763 3744 2146 3851 Scaliger
2184 3769 2230 3827 e
2268 3745 2466 3852 lege
2511 3746 2598 3825 in
2644 3742 3022 3825 sacrario
3099 3739 3319 3822 deae

744 3872 1355 3980 Opeconfiuae
1400 3874 1575 3959 fixa
1618 3875 1936 3977 docet,
2011 3893 2197 3957 tum
2237 3899 2284 3954 e
2335 3873 2619 3955 numis
2667 3871 3323 3978 imperatorum

739 3998 1401 4086 sacrificantium
1442 4002 1887 4086 manifesta
1927 4026 2065 4085 res
2098 3999 2241 4084 est.
2378 4004 2674 4108 Rupes
2709 3996 3133 4086 acclinem
3166 4020 3322 4078 vr-

745 4125 869 4210 bis
910 4128 1165 4213 fitum
1224 4132 1613 4236 explicat
1649 4152 1735 4213 et
1776 4128 1917 4212 sub
1961 4149 2060 4212 ea
2099 4129 2213 4211 est
2249 4130 2558 4237 genius
2592 4125 2855 4211 Scirti
2897 4123 3316 4206 fluminis,

745 4253 983 4340 Haec
1021 4255 1247 4338 adeo
1284 4258 1468 4338 sunt
1510 4277 1774 4357 nota,
1845 4277 1943 4338 vt
1986 4256 2220 4339 nihil·
2249 4256 2555 4363 magis,
2701 4253 2936 4336 Nam
2979 4251 3184 4358 quid
3221 4270 3314 4325 e-

742 4401 870 4489 go
908 4403 1310 4468 veterem
1348 4379 2056 4491 superstitionem
2089 4403 2494 4488 repetam
2535 4379 2634 4463 ab
2669 4374 2963 4484 stirpe,
3005 4398 3324 4484 quem·-

740 4511 1225 4600 admodum
1260 4510 1454 4654 suos
1486 4509 1938 4606 montibus
1976 4523 2065 4596 et
2108 4508 2552 4594 arboribus
2593 4503 2987 4594 etfluuiis
3023 4501 3321 4589 rebus-

3148 4652 3322 4743 que
