4559 5919
1308 628 1351 690 1
1369 622 1427 694 0
1608 588 1665 667 -·
1746 530 2512 688 ἨιεΤοΜΑΕ
2577 584 3356 695 osaflomAE

1288 810 1825 904 Ammianus
1861 804 2426 898 Marcellinus
2464 843 2483 896 ε
2556 812 2700 918 (3)
2731 799 3016 923 abusus
3057 801 3448 896 Seleucus·
3490 809 3873 919 multitua

1289 940 1470 1025 dine
1505 935 1906 1023 homimem
1933 995 1957 1043 ‚
2038 960 2282 1052 quam
2335 938 2808 1052 tranquilla}
2843 941 2926 1023 in
2958 938 3201 1024 rebus
3235 938 3543 1028 diutius
3587 945 3868 1049 rexit,

1289 1095 1398 1153 ex
1437 1066 1894 1180 agrestibus
1934 1062 2436 1151 habitaculis
2460 1065 2714 1152 ‘orbes
2748 1069 3255 1181 construxit,
3339 1067 3614 1152 multis
3689 1074 3872 1182 opi-

1287 1196 1438 1281 bus
1470 1194 1782 1299 firmas
1832 1208 1915 1279 et
1988 1195 2362 1282 viribus:
2399 1219 2790 1310 quarum
2825 1185 3337 1309 adpraesens
3379 1195 3864 1313 pleraeque,

1288 1320 1483 1408 licet
1512 1318 1878 1408 Graecis
1912 1324 2356 1410 nominibus
2404 1324 2905 1437 appellentur
2943 1380 2968 1429 ,
3023 1327 3537 1437 ¹primogenio
3592 1339 3867 1417 tamen

1287 1453 1606 1538 nomina
1642 1476 1791 1537 non
1828 1456 2226 1536 'amittunt
2248 1510 2274 1559 ‚
2354 1477 2562 1569 quae
2593 1455 2708 1537 eis
2760 1449 3095 1568 Affyria
3125 1453 3402 1564 lingua
3440 1454 3861 1544 instituto-

1286 1606 1426 1666 res
1468 1595 1791 1666 veteres
1829 1579 2325 1667 indiderunt.
2531 1580 2966 1669 Similiter
3045 1583 3149 1668 de
3205 1581 3698 1670 Antiochia
3755 1588 3864 1673 ad

1288 1710 1889 1821 Mygdonium
1930 1710 2068 1794 seu
2116 1708 2810 1813 Nifibi‚1ulianus
2847 1710 3186 1799 Caesar.
3226 1711 3692 1820 Appianus
3730 1718 3861 1800 A·

1282 1839 1855 1965 lexandrinus
1882 1842 2022 1945 (5)
2053 1843 2358 1925 austor
2395 1840 2560 1942 est,
2644 1836 3106 1925 Seleucum
3146 1839 3340 1925 vtbi
3379 1836 3470 1926 V
3465 1867 3492 1922 ι
3494 1835 3652 1924 hoi
3688 1866 3856 1928 no·

1288 1957 1500 2052 men
1539 1967 2225 2053 Macedonicum
2254 1952 2617 2054 Edeffae
2641 1968 3152 2114 imposuisse
3213 2021 3240 2072 ,
3320 1966 3692 2055 honoris
3723 1974 3857 2060 A-

1285 2093 1695 2180 lexandri
1729 2094 2093 2181 causs'a.
2160 2097 2360 2181 Hoc
2403 2115 2703 2182 tamen
2745 2098 2912 2180 niti
2966 2098 3481 2181 testimonio
3529 2117 3620 2181 et
3666 2122 3866 2187 ma·-

1285 2245 1695 2335 gnopere
1728 2224 2184 2312 confidere
2223 2250 2410 2310 non
2470 2224 2749 2310 audeo
2803 2282 2827 2332 ‚
2905 2227 3110 2313 iusta
3150 2227 3389 2309 enirn
3428 2227 3860 2336 quaedam

1287 2372 1380 2438 et
1420 2353 1898 2464 probabilis
1930 2353 2297 2464 suspicio
2342 2379 2487 2438 me
2531 2374 2780 2440 tenet
2824 2411 2851 2460 ‚
2929 2351 3389 2442 Seleucum
3438 2354 3631 2440 vrbi
3683 2380 3856 2439 no·

1280 2494 1499 2566 'men
1539 2481 1861 2566 dediffe
1897 2482 2489 2584 Antiochiae,
2576 2481 2811 2567 inter
2845 2482 3226 2566 sedecim
3265 2482 3520 2568 vrbes
3550 2540 3578 2591 ‚
3646 2506 3860 2594 quas

1282 2610 1717 2719 Appiano
1754 2611 2022 2715 teste,
2103 2613 2378 2720 patris
2418 2611 2782 2694 nomine
2840 2610 3346 2695 exornauit.
3546 2610 3852 2696 Exstat

1284 2762 1597 2824 numus
1635 2738 2073 2824 Antiochi
2101 2741 2258 2826 IV.
2432 2740 3166 2847 ΑΝΤΙΟΧΕΩΝ
3206 2739 3474 2825 ΤΩΝ
3523 2730 3851 2827 ΠΡΟΣ

1282 2868 2022 2955 KAAAIPOHN.
2229 2868 2444 2955 Non
2496 2870 2735 2952 enim
2785 2867 3036 2951 illum
3072 2892 3435 2952 numum
3468 2867 3855 2954 Ioannes

1287 2994 1800 3082 Fideualens
1870 2999 1980 3080 ad
2035 2994 2558 3085 Callirhoen
2607 2998 2701 3081 in
2754 2995 3222 3082 Palaestina
3258 2997 3500 3082 iuxta
3534 2997 3848 3082 Iorda-

1287 3142 1498 3207 nem
1523 3128 1706 3209 iure
1784 3126 2292 3236 meritoque
2342 3124 2647 3210 tetulit
2708 3178 2735 3227 ‚
2805 3150 3024 3237 quae
3076 3124 3564 3212 Antiochia
3622 3126 3850 3213 dieta

1287 3277 1475 3335 non
1498 3251 1942 3361 fuit,quod
1964 3256 2322 3364 quidem
2353 3252 2646 3364 aliquo
2687 3255 2777 3336 in
2811 3273 3412 3339 monumento
3435 3253 3845 3340 testatum

1285 3377 1421 3468 fitss
1551 3383 1699 3492 Ad
1727 3381 2132 3466 Edessam
2169 3384 2473 3491 vtique
2533 3385 2928 3490 pertinet
2971 3438 2993 3484 ,
3073 3403 3172 3466 vt
3204 3380 3585 3466 Ioannes
3621 3385 3845 3468 Har-

1290 3510 1591 3592 duinus
1632 3508 1739 3592 ad
1776 3507 2146 3594 Plinium
2190 3530 2278 3593 et
2314 3512 2406 3591 in
2454 3511 2826 3620 antiquis
2870 3510 3214 3596 vrbium
3252 3509 3848 3621 populorum-

1187 3744 1194 3752 ,
1286 3663 1452 3748 que
1494 3639 1778 3720 numis
1818 3664 2075 3749 quam
2114 3635 2546 3722 veriffime
2586 3639 3027 3725 iudicauit.
3161 3637 3674 3743 Plinius:(6)
3708 3634 3843 3725 „4³-

1287 3765 1533 3849 rabia
1576 3755 2020 3849 Merorum
2053 3763 2296 3850 habet
2333 3765 2625 3877 oppida
2720 3821 2744 3870 ,
2825 3760 3200 3878 Edeffam
3242 3820 3267 3869 ‚
3347 3775 3566 3877 quae'
3587 3788 3843 3882 quon·

1285 3891 1470 3977 dam
1506 3890 1953 3978 Antiochia
1985 3892 2414 3977 dicebatur
2436 3950 2460 3997 ,
2500 3888 2955 3978 Callirhoen
2992 3886 3284 4003 asonte
3318 3897 3848 4001 nominatam,

1287 4016 1673 4107 Carrhas
1714 4021 1935 4106 clade
1954 4016 2221 4125 Craffi
2243 4020 2563 4104 nobiles.
2665 4022 2811 4108 Ne
2846 4022 3033 4132 quis
3061 4020 3166 4106 ab
3201 4020 3511 4108 Edeffa
3548 4023 3840 4108 diuer-

1288 4152 1467 4235 sam
1539 4146 2061 4237 Callirhoen
2102 4151 2370 4258 prodi
2410 4167 2692 4259 putet.
2896 4146 3058 4234 Illa
3113 4151 3350 4232 enim
3390 4148 3615 4259 ipsa,
3695 4151 3840 4236 seu

1286 4274 1779 4366 Antiochia
1818 4277 2326 4385 Callirhoe,
2405 4278 2548 4364 seu
2603 4332 2632 4383 ‚
2707 4293 2805 4364 vt
2845 4274 3337 4390 Stephanus
3366 4279 3841 4388 Byzantius

3683 4405 3839 4495 ha·-

1300 4643 3837 4844 mm.
