4559 5919
3155 336 3240 425 ,κ

786 470 793 479 ’
869 528 951 620 Ε
1038 521 1480 621 ΝνΜιε
1536 517 2448 620 -ILLVSTRATAE
2550 528 2785 621 Lm.
2859 530 3038 621 IV.
3126 563 3176 623 2
3193 561 3320 645 ⁵3

739 749 1034 833 mense
1070 745 1349 848 lulio,
1426 745 1566 831 seu
1600 748 1710 831 A.
1760 746 1864 834 C.
1912 751 2158 852 531.³
2205 749 2322 833 Et
2376 751 2666 833 Hunni
2717 748 3072 858 quidem
3128 771 3320 834 tum

742 879 1194 964 Romanas
1231 876 2432 985 prouincias.excur·fion1bus
2484 877 2969 981 vexabant,
3063 878 3328 989 vsque.

739 1006 845 1089 ad
885 1003 1341 1113 Aleppum
1378 1001 1833 1114 progressi.
2002 1008 2154 1091 His
2194 1005 2916 1090 Demonsthenes
2969 1008 3324 1091 obuiam

738 1130 1205 1244 proceffit,
1304 1152 1394 1217 at
1440 1131 1781 1218 XVIII.
1834 1129 2368 1220 Decembris
2419 1133 2665 1218 clade
2728 1157 3091 1246 accepta
3140 1136 3316 1218 Te-

726 1263 907 1347 lam
948 1262 1028 1346 se
1067 1264 1411 1371 recepit
1453 1282 1543 1346 et
1583 1264 1695 1346 A.
1748 1261 1852 1349 C.
1898 1285 2124 1368 532.
2160 1265 2278 1348 X.
2320 1264 2693 1349 Ianuarii
2733 1288 2846 1349 ex
2887 1289 3319 1349 moerore
3377 1317 3390 1321 -

726 1393 1008 1477 vitam
1064 1389 1378 1476 finiuit.
1511 1390 1831 1500 Neque
1859 1389 2571 1476 Demosthenem
2622 1419 2899 1503 neque
2941 1398 3316 1479 Hunno-

728 1545 924 1604 rum
968 1519 1341 1633 aliquam
1379 1517 2049 1629 imp-restionem
2074 1523 2580 1641 Procopius
2615 1525 2709 1605 in
2748 1523 3088 1609 Perfieo
3133 1525 3318 1609 bel·

725 1651 824 1735 lo
866 1648 1649 1734 commemorauit.
1803 1645 2203 1736 Maxime
2263 1652 2631 1734 enimin
2687 1650 3082 1739 Belisarii
3133 1652 3320 1736 lau-

737 1779 977 1864 dibus
1015 1777 1357 1863 defixos
1401 1779 1708 1862 oculos
1751 1781 2089 1884 tenuit,
2167 1800 2495 1891 vtpote
2539 1782 2683 1891 qui
2723 1783 2899 1865 eius
2929 1768 2994 1866 'a
3032 1781 3319 1866 confi-

724 1907 860 1995 liis
896 1907 1205 1992 fuerat.
1341 1907 1739 1994 Cubades
1771 1909 1970 2015 post
2022 1908 2323 2019 paullo
2371 1907 2856 2013 defunc‘iuS,
2943 1912 3137 2020 paci
3170 1914 3311 1995 in·
3549 1975 3565 1996 .

742 2038 1075 2147 eundae
1146 2033 1704 2124 occafionem
1778 2037 2175 2145 praebuit
2218 2092 2243 2142 ,
2352 2030 2589 2123 ἕκτον
2654 2022 2828 2140 ἤδη
2900 2035 3086 2141 ἔτος
3141 2026 3630 2144 W

731 2165 1158 2283 βασιλείαν
1230 2159 1651 2264 Ιεςινιανὲἲ·
1699 2158 2113 2281 ἔχοντος,
2203 2188 2301 2253 vt
2359 2169 2479 2251 ait
2534 2169 3078 2277 ProcopiuS,
3176 2170 3318 2254 seu

728 2300 842 2382 A.
888 2296 990 2385 C.
1048 2320 1267 2401 533.
1305 2319 1480 2405 quo
1544 2318 1783 2377 anno
1844 2293 2414 2393 Marcellinus*
2459 2322 2806 2409 quoque
2865 2298 3104 2407 pacis
3163 2320 3318 2379 ne-

728 2427 1074 2533 gotium
1114 2423 1622 2508 collocauit.
1760 2425 2036 2513 Recte
2073 2425 2344 2534 igitur
2381 2448 2639 2508 antea
2678 2427 3027 2512 dixerat
3070 2424 3318 2511 Mar·-

730 2555 1087 2639 cellinus
1139 2587 1157 2638 ;
1258 2551 1451 2637 haec
1502 2551 1917 2664 expeditio
1972 2570 2230 2664 paene
2285 2570 2446 2666 per
2484 2556 2941 2668 quiennium
3016 2559 3312 2638 tenuit.
3455 2658 3464 2665 ‚

733 2681 1257 2770 Chronicon
1319 2682 1892 2783 Edess'enum,
1934 2685 2222 2768 mense
2279 2682 2785 2793 Septembri
2854 2709 3092 2768 anno
3167 2683 3317 2766 suo

739 2819 935 2930 844
973 2811 1148 2907 (est
1176 2812 1523 2922 quidem
1571 2817 1755 2917 843
1825 2810 2158 2896 editum
2189 2867 2214 2915 ,
2313 2836 2405 2898 at
2450 2821 2644 2920 844
2685 2814 2933 2897 scribi
2992 2812 3316 2897 debere

734 2966 848 3027 ex
883 2942 1061 3052 ipsa
1097 2942 1311 3025 serie
1355 2943 1773 3050 adparet)
1835 2966 2147 3048 pacem
2200 2944 2437 3030 Inter
2487 2943 2774 3028 Persas
2823 2967 2913 3028 et
2972 2946 3317 3044 Roma-

614 3077 621 3088 '
730 3095 892 3155 nos
933 3068 1372 3174 coaluisse,
1410 3069 1736 3159 Rufino
1772 3069 2339 3173 conciliante,
2375 3072 2548 3158 hoc
2573 3072 2738 3175 est,
2787 3074 3032 3181 A.C.
3080 3097 3310 3178 533.

725 3201 1004 3286 Addit
1062 3226 1283 3285 vero
1338 3199 1862 3289 Chronicon
1923 3198 2478 3302 Edeffenum,
2548 3226 2857 3309 pacem
2906 3201 3145 3284 illam
3205 3199 3314 3284 ad

725 3332 840 3414 A.
887 3337 1109 3433 851.
1171 3329 1587 3414 seruatam
1650 3326 1889 3412 fuiffe
1929 3382 1953 3429 ,
2073 3330 2217 3438 qui
2277 3353 2546 3412 annus
2595 3331 2681 3412 in
2742 3334 2855 3415 A.
2916 3329 3019 3416 C.
3085 3353 3314 3433 539.

744 3459 1245 3576 exorditur.
1386 3461 1657 3543 Anno
1698 3455 1852 3538 illo
1904 3464 2120 3560 851.
2168 3460 2477 3567 quinto
2520 3456 2927 3542 Octobris
2968 3458 3305 3539 caelum

726 3585 955 3693 arsit,
989 3585 1205 3670 teste
1246 3585 1677 3674 Chronici
1713 3583 2117 3669 Edeffeni
2178 3588 2534 3671 auctiore
2564 3640 2589 3687 ,
2671 3605 2760 3668 et
2804 3585 3124 3668 eodem
3160 3609 3315 3665 an-

727 3740 889 3819 n0,
934 3741 1133 3800 cum
1156 3713 1453 3824 paullo
1480 3733 1693 3796 ante
1715 3708 2202 3796 monstrum
2226 3714 2905 3799 natumEdess‘ae
2931 3718 3068 3818 (9)
3092 3711 3312 3796 Pro·

729 3845 1007 3953 copio
1070 3845 1316 3950 teste,
1454 3843 1706 3929 Maio
1744 3840 2034 3924 mense
2078 3861 2430 3948 autem,
2499 3842 2645 3952 qui
2684 3844 2982 3925 iamin
3035 3845 3147 3926 A.
3204 3841 3316 3930 C.

739 3995 964 4079 540.
1010 3973 1362 4076 incidit,
1441 3969 1891 4061 chosroes
1928 3972 2432 4078 Romanam
2480 3972 2920 4055 ditionem
2964 3969 3338 4073 inuasit,-

733 4101 1072 4203 Suram,
1127 4099 1611 4210 Aleppum,
1654 4097 2241 4184 Antiochiam
2270 4101 2845 4208 expugnauit,
2895 4102 3304 4207 Apamea
3415 4136 3454 4147 ··

729 4254 1077 4344 quoque
1106 4233 1461 4342 potitus
1501 4228 1643 4313 est.
1776 4222 1995 4341 ‚Inde
2009 4228 2272 4339 signis
2309 4224 2597 4341 infestis
2640 4221 3005 4338 Edeffam
3037 4226 3309 4338 petiit:

992 4387 1001 4394 ·
3085 4353 3298 4438 diui-

1012 4653 1130 4734 (9)
1170 4654 1244 4713 de
1269 4652 1336 4716 B.
1379 4650 1455 4715 G.
1500 4666 1561 4730 p.
1605 4648 1761 4715 606.
