4559 5919
1292 458 1484 643 ω
1850 503 2557 619 ΗιετοκιΑΕ
2623 460 3399 619 osRHOENAE
3534 636 3541 647 ,

1287 740 1461 831 fert
1503 742 1614 829 de
1653 736 2070 829 fideribus
2109 792 2137 844 ,
2231 738 2577 851 quaein
2624 731 3051 823 Parthicis
3107 736 3397 823 numi's
3440 733 3871 827 vifflntnr·

1284 872 1678 961 Arsacen
1716 924 1743 975 ,
1821 890 1922 953 vt
1977 870 2504 957 Ammianus
2542 866 3112 954 Marcellinus
3145 865 3508 951 testatur
3542 921 3572 974 ,
3649 861 3869 975 con·

1294 1000 1730 1086 sectatum
1764 995 2001 1082 fuiffe
2040 1030 2058 1083 ε
2188 1022 2308 1082 ex
2373 1020 2486 1123 eo
2561 1015 2991 1104 tempore
3057 994 3517 1085 Arsacidas
3576 996 3663 1103 fe
3696 994 3873 1081 fra-

1294 1148 1475 1215 tres
1510 1122 1712 1211 solis
1746 1146 1838 1211 et
1876 1126 2137 1211 lunae
2176 1120 2644 1211 vocitaffe:
2682 1119 3125 1234 Saporem
3156 1124 3281 1209 ita
3308 1122 3513 1210 sein
3542 1122 3895 1212 litteris·

1289 1256 1408 1343 ad
1445 1253 2075 1344 Constantium
2100 1251 2585 1366 appellare.
2721 1254 2961 1339 Haec
2984 1270 3082 1335 vt
3098 1254 3449 1364 quisque
3469 1255 3877 1363 accipiat,

1287 1380 1542 1471 nullo
1585 1385 1677 1465 in
1719 1383 2216 1469 discrimine
2254 1406 2541 1494 pono,
2675 1378 2787 1467 In
2821 1381 3070 1465 tiaris
3102 1400 3401 1468 autem
3431 1382 3877 1469 Edess'enis

1291 1532 1524 1624 puto
1561 1509 1776 1596 astra
1816 1511 2036 1596 haec
2075 1509 2295 1595 nihil
2326 1509 2562 1598 aliud
2624 1506 3114 1618 significare
3157 1563 3187 1614 ‚
3279 1535 3539 1619 quam
3592 1512 3873 1596 deuo-

1205 1726 1213 1735 ,
1283 1658 1446 1727 :tos
1483 1639 1896 1725 fidet-ibus
1931 1638 2372 1751 cultuique
2428 1662 2744 1722 eorum
2792 1661 3048 1747 reges
3094 1634 3609 1725 Edeffenos.
3741 1640 3873 1725 A.

1294 1767 1568 1857 strum
1602 1769 1845 1880 quod
1883 1766 2135 1878 supra
2169 1767 2469 1853 lunam
2509 1767 2629 1852 est
2671 1764 3056 1876 pofitum
3095 1821 3121 1872 ‚
3198 1766 3482 1852 solem
3516 1767 3870 1851 indicat.
3936 1778 3967 1796 '

1296 1890 1408 1984 Id
1528 1897 1772 1980 enim
1887 1893 2394 2006 patefacere
2554 1895 2903 2005 possum
3034 1917 3151 1981 ex
3270 1892 3451 1978 hoc
3568 1894 3877 2005 infigni

1307 2048 1586 2110 numo
1629 2078 1656 2129 ,
1735 2024 1978 2109 cuius
2013 2026 2104 2107 in
2141 2024 2449 2111 medio
2495 2021 2845 2134 Iupiter
2886 2019 3127 2109 sedet
3179 2022 3550 2108 dextera
3585 2027 3877 2110 nitens

1304 2150 1642 2262 aquilae
1677 2154 1973 2262 capite
2015 2207 2042 2258 ,
2121 2150 2449 2238 hastam
2492 2149 2811 2236 sinistra
2846 2175 3180 2260 puram·
3211 2170 3588 2239 tenens:
3656 2150 3880 2250 infra

1025 2318 1275 2387 ‚eg-,ML
1311 2278 1499 2365 sunt
1529 2280 1964 2367 Nereides
1988 2334 2015 2385 ,
2093 2283 2188 2365 in
2216 2277 2554 2367 circulo
2590 2278 3064 2364 duodecim
3102 2277 3385 2388 ligna,
3452 2306 3676 2389 quae
3710 2280 3872 2383 sol,

1027 2416 1098 2472 ²·
1311 2406 1605 2492 stellae
1638 2409 2065 2516 imagine,
2106 2428 2194 2491 et
2228 2410 2435 2493 luna
2475 2404 2835 2497 obeunt.
2910 2408 3163 2492 Hunc
3200 2433 3561 2491 numum
3583 2407 3875 2493 Paulus

1308 2533 1751 2623 Pedrustus
1821 2542 1964 2642 (3)
2068 2556 2161 2618 et
2215 2559 2265 2616 e
2320 2524 3243 2638 Choulio'Bernardus
3317 2533 3875 2621 Montefalco

1297 2666 1449 2775 (4)
1490 2660 1949 2751 exhibent.
2020 2660 2307 2748 Isthuc
2339 2681 2639 2747 autem
2677 2716 2704 2767 ,
2784 2658 2895 2747 ‘vt
2935 2658 3116 2767 sol,
3143 2661 3709 2775 astri‘figura,
3745 2664 3878 2748 su·-

1178 2889 1182 2893 ‚
1310 2816 1476 2902 per
1508 2791 1801 2878 lunula
1842 2810 2233 2904 ponatur
2265 2846 2298 2897 ,
2393 2793 2652 2900 saepe
2698 2788 3141 2874 cernimus
3188 2794 3285 2874 in
3320 2795 3603 2901 numi-s
3656 2791 3877 2879 Car·

1309 2916 1674 3006 thar-um
1707 2919 1847 3002 sub
1886 2914 2336 3005 Caracalla
2379 2939 2469 3003 et
2502 2916 3034 3026 Elagaba10‚
3074 2918 3163 3004 in
3203 2917 3579 3007 Abraxis
3630 2918 3878 3010 chif-

1312 3045 1666 3131 letianis
1736 3045 1856 3128 et'
1906 3041 2207 3156 paffim
2274 3046 2368 3127 in
2453 3046 3066 3130 monumentis
3150 3047 3876 3143 montefalconis,
4025 3051 4032 3058 ’

1315 3165 1587 3283 Ap'ud
1622 3171 2155 3260 Bonannu‘m
2196 3164 2635 3291 fi'gu‘raJest
2692 3169 3104 3262 fortunae
3155 3229 3182 3278 ‚
3272 3203 3488 3288 quae
3538 3174 3881 3260 clauum

1319 3305 1567 3386 nauis
1608 3302 1981 3386 dextera
2022 3356 2048 3407 ‚
2127 3298 2459 3386 finistra
2508 3323 2841 3385 cornua
2878 3302 3197 3410 copiae
3237 3305 3413 3386 duo
3446 3305 3720 3412 gerit:
3787 3301 3884 3386 in

1317 3430 1615 3539 capite
1651 3428 1960 3513 eadem
2010 3426 2303 3513 lunula
2342 3481 2369 3530 ‚
2453 3428 2804 3538 quaein
2834 3427 2969 3513 his
3019 3432 3307 3515 numis
3338 3431 3458 3516 est
3508 3485 3535 3536 ,
3624 3451 3886 3542 atque

1315 3556 1571 3667 supra
1610 3580 1802 3639 eam
1841 3551 2300 3642 clariffima
2327 3555 2541 3642 solis'
2565 3556 2986 3643 radiantis
3026 3557 3386 3666 pfflura.
3442 3564 3579 3668 (ς)
3628 3558 3882 3646 Sum·

1324 3708 1470 3768 ma
1503 3704 1802 3769 autem
1865 3703 2049 3769 erat
2104 3685 2333 3791 apud
2377 3683 2860 3769 Edeffenos
2903 3683 3224 3792 religio
3284 3685 3485 3769 solis
3520 3742 3547 3791 ,
3656 3706 3755 3770 vt
3794 3690 3886 3773 in

1321 3811 1586 3891 omni
1623 3808 1872 3916 Syria
1911 3834 2003 3893 et
2046 3809 2490 3898 Chaldaea
2532 3810 2795 3922 arsque
2848 3813 2955 3896 ad
3003 3815 3519 3897 Homeritas
3557 3869 3584 3920 ‚
3664 3837 3886 3926 quos

1322 3933 1951 4046 Philostorgius
2022 3941 2163 4041 (6)
2225 3936 2627 4041 testatur,
2702 3937 2987 4046 foliot
3024 3939 3280 4022 lunae
3309 3941 3539 4028 sacra
3570 3941 3883 4029 feciffe»

1322 4061 1704 4154 Iulianus
1741 4063 2242 4172 imperator
2312 4067 2453 4169 (7)
2522 4057 2837 4178 ἰεξόνὲξ
2872 4056 3128 4166 αἰῶκος
3169 4062 3365 4169 aazia
3394 4068 3717 4186 χωᾶίον
3761 4071 3881 4157 E»

1311 4189 1660 4295 :deffam
1690 4187 1957 4279 vocat
1989 4244 2022 4297 ,
2098 4187 2455 4276 dicatam
2469 4183 2671 4305 fhli,
2706 4192 2923 4302 ‘inde
2942 4216 3219 4309 mque
3248 4196 3354 4282 ab
3380 4196 3693 4302 vltima
3718 4213 3882 4285 met·

3424 4325 3453 4359 ‘
3721 4349 3891 4416 mo-

1504 4563 1598 4698 (3·)
1628 4621 1809 4679 Tom-
1838 4621 1916 4679 V.
1932 4619 2091 4681 Tab.
2129 4620 2311 4683 XXI.
2344 4620 2442 4703 (4)
2484 4622 2669 4688 Tom.
2694 4623 2741 4682 1.
2769 4635 2940 4699 parte
2970 4624 3017 4683 1.
3047 4621 3259 4683 charta
3278 4624 3378 4686 X.
3419 4619 3492 4700 (ς’)
3520 4611 3892 4682 .Montesnl⁴

1339 4713 1417 4786 co
1430 4696 1515 4766 T.
1531 4702 1579 4764 1.
1592 4719 1658 4785 p.
1674 4704 1757 4771 Π.
1783 4700 1942 4764 Tab.
1967 4701 2110 4786 196.
2153 4699 2252 4784 161-
2281 4705 2465 4788 Apud
2499 4703 2776 4768 photium
2797 4702 3116 4770 comm..
3161 4702 3266 4783 (7)
3292 4722 3348 4784 p.
3378 4713 3512 4784 150·
