4559 5919
2142 358 2412 429 f...-
2535 420 2566 447 ,

1289 602 1329 663 ι
1357 578 1403 658 8
1425 575 1477 655 s
1823 552 2526 655 HISTORIAE
2593 546 3366 681 OSRHOENAE
3503 604 3522 623 ·

1288 780 1576 871 nincia
1616 780 2305 865 constitueretur
2339 831 2368 882 ‚
2441 774 2549 858 de
2590 772 2980 885 primatu
3021 772 3488 889 disceptari
3524 777 3851 889 posset,

1294 937 1500 998 eum
1535 913 1802 1022 igitur
1856 935 1974 995 ex
2029 905 2510 1017 priuilegio
2563 921 3135 1014 occuparunt.
3302 906 3476 997 Sed
3515 910 3855 1019 primae

1297 1036 1934 1149 metropoleos
1996 1038 2375 1143 dignitas
2428 1031 2909 1123 Carrhenis
2960 1034 3264 1143 postea
3310 1038 3666 1124 ademta
3709 1039 3856 1124 est.

1295 1171 1536 1258 Nam
1568 1170 1660 1251 in
1700 1166 1983 1251 numis
2027 1166 2479 1252 Antonini
2530 1157 3041 1250 Caracallae
3100 1164 3632 1275 dignitatem
3670 1168 3857 1277 pri·

1168 1342 1203 1353 -κ
1299 1320 1500 1380 mae
1540 1293 2175 1407 metropoleos
2232 1307 2942 1403 nonpapponunt
2976 1343 3003 1394 ‚
3093 1294 3337 1403 quod
3381 1297 3859 1405 suspectum

1300 1425 1457 1510 est:
1496 1427 1586 1508 in
1638 1426 1923 1508 numis
1952 1448 2178 1508 vero
2209 1420 2662 1529 Elagabali
2694 1412 2784 1502 e't
2819 1416 3359 1526 Alexandri,
3419 1422 3861 1512 Carrheni

1293 1554 1757 1638 secundam
1807 1549 2373 1661 metropolin
2421 1548 2736 1633 vrbem
2791 1548 3023 1633 suam
3083 1548 3537 1660 appellant
3574 1604 3601 1655 ,
3690 1557 3905 1660 (5)·

1298 1702 1518 1792 quae
1550 1680 2037 1768 eit-directa
2076 1675 2528 1764 confeffio.
2677 1677 2879 1763 KA.
2968 1678 3166 1762 ΚΟ.
3253 1679 3472 1767 ΜΗ.
3566 1682 3853 1765 ΠΟΛ.

1301 1814 1385 1893 Δ
1459 1804 1751 1928 Κάξρα
1782 1804 2127 1895 κολωνία
2166 1802 2748 1923 μητᾶόπολις
2784 1799 3139 1920 δευτέρα
3177 1859 3204 1911 ,
3282 1808 3375 1892 in
3410 1808 3868 1898 Anto‘nini

1296 1936 1750 2046 Elagabali
1795 1963 2130 2025 numo:
2240 1956 2434 2019 tum
2481 1935 2574 2018 in
2623 1958 2898 2019 numo
2955 1932 3449 2023 Alexandri
3498 1935 3856 2047 Seueri,

1294 2069 1711 2153 KAPPA.
1783 2068 2061 2151 KOA.
2137 2068 2356 2150 MH.
2433 2062 2726 2152 MEC.
2802 2068 2888 2146 Δ
2998 2057 3272 2181 Κάξξα
3311 2061 3652 2155 κολωνία
3685 2094 3864 2180 μη·

1300 2187 1725 2308 τρόπολις
1766 2187 2499 2306 Μεσοποταμίας
2530 2182 2899 2305 δευτέρα.
3034 2191 3320 2307 Quam
3358 2218 3585 2281 nunc
3621 2195 3860 2277 dice·

1302 2345 1492 2408 mus
1525 2322 2064 2412 Carrharum
2102 2321 2526 2406 inlocum
2566 2321 2926 2430 priman·
2956 2325 3523 2432 metropolin
3561 2318 3865 2410 Meso-

1302 2452 1763 2559 potamiae
1804 2450 2043 2535 fuiss‘e
2079 2442 2118 2532 ζ
2201 2450 2561 2558 Nempe
2593 2446 2999 2535 Edessam
3037 2450 3396 2558 opinor.
3549 2450 3691 2538 Ita
3723 2452 3862 2535 vi·
3943 2518 3954 2529 .

1267 2579 1486 2678 ‚sum
1539 2577 1914 2666 fortaffis
1961 2576 2124 2664 fuit
2185 2575 2674 2666 Antonino
2726 2574 3233 2665 Caracallae
3316 2634 3343 2685 ‚
3455 2576 3867 2688 fingulari

1308 2731 1505 2790 eam
1548 2709 1637 2791 in
1672 2708 1984 2804 vrbem
2044 2709 2135 2791 in
2189 2731 2354 2818 qua
2405 2704 2923 2791 hibernabat
2958 2759 2984 2809 ‚
3067 2705 3424 2794 studio.·
3513 2706 3692 2796 Sed
3726 2710 3866 2792 in·

1304 2839 1779 2922 tercedunt
1817 2836 2138 2921 eruditi
2172 2828 2343 2921 &siri
2377 2890 2406 2939 ‚
2499 2835 2642 2946 qui
2676 2835 2816 2918 feu
2849 2833 3236 2941 Emisam
3271 2834 3409 2921 seu
3442 2838 3868 2924 Amidam

1308 2968 1654 3076 primae
1696 2964 2334 3076 metropoleos
2384 2967 2475 3046 in
2515 2963 3192 3073 Mesopotamia·
3215 2965 3489 3050 titulo
3529 2968 3866 3053 auCtam

1307 3090 1549 3177 suiffe
1596 3149 1625 3198 ‚
1708 3119 1753 3177 e
1784 3117 2059 3177 numo
2090 3094 2483 3205 quodam
2521 3091 2988 3177 Francicae
3021 3115 3291 3202 gazae
3342 3095 3866 3180 coniiciunt.

1299 3221 1388 3308 Is
1429 3222 1545 3305 est
1580 3247 1783 3307 cum
1819 3220 2258 3345 πᾱοτομξῖ
2282 3221 2773 3308 Alexandri
2819 3217 3127 3308 Seueri
3163 3222 3444 3330 cusuS,
3493 3223 3872 3311 dextera

1305 3348 1633 3435 hastam
1679 3406 1707 3454 ,
1817 3350 2160 3448 sinistro
2203 3351 2587 3432 humero
2634 3347 3045 3456 clupeum
3079 3351 3516 3456 gestantis,
3715 3351 3873 3439 In·

1302 3480 1673 3590 scriptio
1711 3534 1739 3583 ,
1815 3453 2355 3590 quae³dostis
2404 3476 2620 3560 viris
2673 3501 3028 3561 crucem
3061 3475 3263 3561 fixit
3322 3477 3536 3564 haec
3568 3476 3867 3598 abali-
3911 3545 3922 3554 .

1306 3608 1603 3718 quibus
1641 3607 1930 3691 editur
1971 3637 1993 3691 ε
2074 3607 2333 3691 ΕΜΙ.
2382 3608 2580 3692 ΚΟ.
2613 3607 2836 3689 ΜΗ.
2878 3606 3431 3695 MECCOI'I.
3504 3610 3595 3692 in
3628 3597 3867 3714 πώ,

1134 3755 1139 3760 ’
1306 3741 1423 3822 Α.
1472 3734 1889 3821 Ezechiel
1934 3733 2634 3844 Spanhemiusin
2667 3732 2983 3818 Iuliani
3019 3733 3432 3822 Caesares
3463 3735 3576 3821 ad
3617 3736 3870 3823 Emi-

1301 3863 1477 3946 sam
1525 3863 1661 3948 seu
1698 3866 2049 3976 Εμισαν
2082 3861 2391 3947 vrbem
2446 3859 2726 3945 refert
2779 3885 3142 3945 numum
3180 3917 3209 3966 ,
3299 3866 3417 3966 <6
3442 3869 3481 3969 )
3567 3863 3871 3975 paullo

1308 3990 1504 4101 post
1545 4009 1841 4074 autem
1918 3993 2089 4094 (7)
2157 3991 2690 4074 sententiam
2740 3992 3157 4075 retrastat
3199 4008 3289 4074 et
3326 3993 3614 4079 ΕΔΕ.
3701 4019 3866 4104 pu-

1262 4229 1271 4236 ι
1309 4137 1443 4206 tat
1479 4120 1571 4201 in
1612 4142 1885 4203 numo
1927 4115 2166 4204 suiffe
2208 4117 2498 4202 cusum
2538 4171 2572 4223 ,
2660 4138 2762 4203 vt
2796 4118 2896 4205 fit
2930 4117 3476 4210 EAECCA.
3560 4124 3694 4209 At
3722 4121 3868 4207 10.

3311 4295 3318 4308 =
3644 4251 3868 4339 Har·

1306 4663 1434 4737 ⁴9¹
1518 4574 1643 4653 (ς)
1759 4577 1945 4663 Apud
1986 4578 2308 4645 Valentem
2342 4579 2425 4643 Τ.
2464 4581 2547 4643 11.
2601 4598 2668 4659 p.
2705 4582 2818 4657 78.
2878 4575 3022 4642 116.
3129 4573 3257 4658 (6)
3301 4593 3367 4672 p.
3399 4571 3538 4660 96.'
3631 4572 3768 4662 (7)
3803 4590 3885 4658 p.
