4559 5919
718 473 745 600 ἶ
813 560 899 660 Ε
967 555 1428 661 umis
1498 547 2416 698 rarsmaur:
2487 554 2722 663 m.
2807 556 2926 660 ν.
3094 587 3294 680 ,47

690 777 1371 892 suiscorrupiffe
1430 834 1454 885 ,
1531 800 1635 867 vt
1705 801 1909 867 eum
1945 779 2189 892 apud
2220 779 2893 892 Imperatorem
2931 783 3286 868 incon.-

521 977 546 1012 ,
687 930 1076 996 temtum
1113 931 1210 994 et
1246 910 1672 996 inuidiam
1717 901 2218 998 adduceret.
2353 910 2938 997 Antiochiam
2976 911 3284 1024 Impe-

684 1059 944 1136 rator
978 1039 1529 1146 ingreditur,
1610 1036 2124 1134 Stratorum
2202 1035 2509 1128 officio
2579 1041 3154 1149 Raymundus
3193 1055 3290 1126 et

683 1165 1169 1255 loscelinus
1253 1166 1758 1276 funguntur.
1927 1167 2049 1257 Et
2109 1166 2499 1279 primum
2572 1171 2933 1279 quidem
3009 1167 3290 1258 multa
3369 1227 3380 1232 -

688 1293 1105 1383 munifice
1132 1312 1249 1412 „et
1301 1287 1786 1386 liberaliter
1854 1295 2153 1384 tribuit
2221 1293 2742 1408 Imperator
2801 1327 2841 1402 3
2922 1298 3288 1383 tandem

686 1424 1319 1533 Raymundum
1354 1424 1702 1535 placide
1742 1420 2084 1512 adfatur
2136 1476 2169 1532 ,.
2242 1423 2326 1507 se
2377 1450 2493 1513 ex
2533 1428 2794 1534 pacto
2837 1428 3288 1513 aucturum

689 1553 863 1648 effe
904 1553 1503 1664 principatum
1536 1556 1816 1664 captis
1846 1551 2191 1641 vrbibus
2232 1553 2640 1637 omnibus
2699 1606 2725 1656 ,
2805 1557 3018 1663 quae
3058 1579 3288 1639 non-

688 1684 898 1770 dum
942 1686 1036 1766 in
1103 1683 1643 1791 potestatem
1682 1699 1934 1766 erant
1973 1680 2433 1788 redactae:
2511 1707 2611 1768 ea
2646 1684 2920 1765 cauffa
2962 1683 3285 1792 praefi·
3431 1715 3434 1718 ·

689 1811 935 1896 dium
1003 1805 1467 1928 Graecum&
1517 1810 1609 1892 in
1647 1807 1963 1895 vrbem
2017 1805 2472 1919 acciperet
2514 1867 2540 1918 ,
2612 1812 3143 1897 exercitibus
3182 1810 3297 1898 ad

687 1959 1161 2048 receptum
1200 1935 1741 2045 patefaceret
1782 1953 2141 2047 portas:
2215 1935 2368 2022 fibi
2421 1938 2514 2024 in
2569 1939 2873 2025 animo
2929 1941 3097 2024 effe
3135 1959 3290 2024 to-

646 2045 863 2153 'tius
933 2063 1141 2152 belli
1209 2062 1597 2177 sumptus
1668 2062 1864 2148 heic
1938 2062 2430 2175 deponere.
2566 2067 3106 2175 Raymundo
3167 2068 3294 2156 ob

685 2188 1475 2339 praesentiffiomum
1516 2190 1975 2277 discrimen
2018 2193 2509 2296 titubante,
2582 2194 3057 2282 lescelinus
3095 2196 3291 2288 Co-

691 2348 883 2415 mes
923 2322 1338 2432 excepit,
1430 2320 1723 2409 multo
1772 2319 2130 2407 honore
2182 2295 2712 2408 verborum
2721 2323 2832 2409 de
2880 2322 3291 2449 Impera·

683 2454 919 2546 toris
957 2450 1428 2562 prudentia
1463 2447 1948 2560 praefatus,
2024 2473 2360 2537 nouam
2407 2451 2609 2536 r'em
2661 2449 3037 2536 consilio
3082 2476 3287 2540 om·
3389 2513 3404 2528 κ

678 2605 933 2668 -mum
949 2581 1455 2691 Principum
1495 2579 1845 2663 huiusce
1883 2576 2238 2664 ducatus
2269 2578 2675 2689 indigere
2699 2635 2724 2685 ‚
2772 2584 2947 2688 ait,
2971 2597 3070 2668 vt
3107 2580 3289 2672 fine*

686 2708 1074 2797 tumultu
1108 2707 1387 2820 plebis
1428 2705 1894 2816 negotium
1933 2704 2487 2795 conficiatur.
2635 2708 2914 2797 Recte
2957 2734 3285 2799 mone·

690 2862 793 2926 re
829 2838 1045 2925 visus
1081 2835 1201 2924 est
1237 2836 1821 2949 Imperatori.
1924 2831 2062 2919 lta
2099 2837 2439 2925 Comes
2470 2832 2983 2944 Edeffenus,
3041 2843 3284 2950 Ray·

692 2970 1032 3056 mundo
1075 2990 1273 3054 cum
1317 2961 2018 3078 Imperatorein
2062 2963 2404 3077 palatio
2444 2986 3025 3073 remanente,
3118 2966 3288 3056 dis-

692 3095 929 3183 cessit
967 3099 1057 3182 in
1096 3093 1582 3206 hospitium
1611 3148 1637 3197 ‚
1682 3112 2137 3203 tamquam
2171 3110 2506 3206 corpus
2541 3113 3022 3184 curaturus.
3099 3096 3298 3184 Oc·-

690 3223 928 3312 culte
962 3241 1262 3312 autem
1305 3218 1655 3313 dimiffis
1695 3218 2078 3325 nunciiS,
2152 3222 2363 3337 quid
2409 3242 2824 3331 geratur,
2899 3226 3291 3313 Francos

692 3376 1045 3440 monet.
1180 3336 1705 3444 Conuolant
1780 3349 2155 3479 armati:
2226 3351 2578 3459 ingenti
2645 3352 3023 3441 tumultu
3077 3356 3287 3443 vrbs

695 3480 1205 3609 perstrepit.
1436 3480 1778 3567 Comes
1917 3503 2147 3594 equo
2287 3479 2709 3567 celeriter
2868 3484 2962 3565 in
3120 3508 3318 3594 pap.

689 3611 1009 3700 latium
1044 3592 1453 3699 deueecus
1475 3662 1502 3710 ,
1542 3606 1769 3720 apud
1801 3607 2472 3719 Imperatorem
2511 3609 2986 3722 trepidus.
2959 3634 3280 3701 irrum-

692 3743 832 3854 pit
885 3758 976 3827 et
1010 3740 1395 3830 mirante
1424 3736 1995 3847 Imperatore
2019 3791 2047 3842 ,
2122 3736 2385 3848 quid
2362 3757 2486 3828 lta
2519 3759 2881 3849 praeter
2920 3762 3285 3835 morem,

697 3868 941 3958 aulae
982 3888 1073 3957 et
1123 3868 1382 3958 decus
1414 3885 1712 3979 gerat,
1795 3861 1994 3972 ille,
2076 3863 2706 3977 neceffitatem‚
2742 3869 2890 3973 ait,
2929 3866 3278 3959 fibiim-
3338 3879 3344 3884 ’

694 3998 1120 4111 positam:
1196 3993 1712 4086 tumultuari
1742 3994 2175 4105 populum
2210 3997 2495 4106 captis
2528 3996 2792 4085 armis
2823 4014 2915 4084 et
2954 3997 3037 4083 se
3059 4046 3086 4100 ,
3133 3998 3283 4110 qui

690 4126 1007 4238 quietis
1040 4127 1319 4215 cauffa
1356 4127 1448 4211 in
1484 4122 1890 4234 hospitio
1929 4127 2395 4212 diuerterit
2423 4180 2478 4230 ‚.
2523 4124 3077 4238 aggressum(
3123 4128 3288 4217 vix

691 4254 1097 4343 furorem
1135 4276 1235 4342 et·
1273 4275 1571 4340 manus
1612 4250 1996 4358 euasisse,
2038 4253 2317 4343 veluti
2351 4252 2954 4364 proditorem.
3087 4252 3284 4343 Iam

697 4387 975 4474 etiam
1014 4380 1435 4471 tumultus
1473 4380 1582 4466 ad
1620 4379 2048 4494 palatium·
2084 4383 2942 4489 erat,occidentium
2984 4380 3286 4494 passim

690 4511 1121 4609 Graecos.
1234 4508 1755 4626 Imperator
1799 4510 1893 4597 in
1960 4533 2059 4594 re
2113 4511 2464 4631 trepida
2516 4510 3140 4623 Raymundum
3190 4531 3286 4601 et

1876 4638 1966 4731 X
2006 4662 2072 4729 x
2148 4665 2202 4727 α
2983 4640 3278 4733 losce-
