4559 5919
1554 501 2425 627 EMENDANDA
2459 645 2480 653 ,
3063 555 3264 652 359
3299 587 3322 654 ξ

818 733 1072 831 sauro
1115 742 1383 852 Regis
1420 742 1834 830 Franciae
1875 745 2304 855 produxit
2327 767 2418 829 et
2460 743 2759 833 Arsaci
2794 742 3264 856 Vologese

817 870 937 955 11.
981 873 1206 980 Regi
1240 870 1762 957 Parthorum
1822 874 2150 958 tribuit.
2301 875 2417 958 Et
2473 874 2670 958 huic
2733 896 2960 958 vero
2998 871 3284 966 Arsa-.
3343 957 3350 964 .

821 998 904 1082 ei
964 999 1282 1085 nullam
1333 1000 1590 1082 aliam
1633 1002 1747 1083 ob
1787 1003 2155 1086 causs'am
2193 1057 2222 1106 ,
2311 1029 2572 1111 quam
2629 1002 2870 1113 quod
2916 1004 3266 1094 numeri

814 1126 1220 1236 epochae
1253 1126 1785 1236 adscriptae,
1866 1132 2047 1213 eius
2082 1130 2638 1239 temporibus
2679 1130 3258 1216 conueniunt.

763 1307 773 1317 -
820 1253 995 1340 Sed
1049 1277 1235 1341 erat
1295 1248 1679 1365 primum
1765 1258 1948 1340 aliis
2004 1260 2546 1370 argum-entis
2594 1259 3144 1343 statuendum
3223 1305 3252 1363 ,

814 1381 1046 1465 hunc
1083 1409 1443 1467 numum
1485 1386 1591 1467 ad
1632 1382 2087 1469 Parthicos
2109 1385 2670 1504 referendum
2712 1383 2909 1470 effe.
2989 1387 3259 1502 Quod

811 1510 1221 1621 equidem
1258 1510 1480 1596 haud
1509 1512 1826 1596 inuitus
1878 1510 2187 1598 faciam
2225 1516 2320 1595 in
2368 1515 2945 1599 contrarium.
3072 1515 3259 1598 Pri-

816 1659 1060 1726 mum
1117 1662 1313 1725 vtar
1351 1663 1466 1726 eo
1498 1638 1983 1725 ratiocinio
2028 1695 2054 1744 ,
2145 1667 2323 1752 quo
2378 1640 2893 1729 Fideualens
2961 1643 3259 1728 maxi·

811 1787 962 1850 me
1008 1767 1476 1853 delectatus
1512 1768 1630 1851 est
1668 1771 1759 1852 in
1793 1768 2217 1853 Parthicis
2239 1824 2265 1875 ‚
2347 1761 2528 1872 τήν·
2569 1764 3027 1882 προτομὴν
3062 1769 3253 1856 Ab·

808 1915 1232 2000 gai-orum
1297 1894 1669 1979 vultibus
1739 1920 2265 2004 congruere.
2415 1900 2546 1981 At
2625 1899 2862 1980 nauis
2935 1917 3266 2006 typum

808 2010 1074 2106 habet
1119 2075 1145 2125 ‚
1241 2021 1453 2105 nulli
1483 2020 2712 2108 Parthicorum·conformem
2756 2078 2781 2128 ‚
2858 2024 2949 2108 in
2983 2024 3257 2111 Edes-

808 2147 1031 2234 senis
1070 2174 1296 2235 vero
1333 2175 1756 2261 perquam
1796 2149 2353 2235 familiarem.
2490 2148 3047 2238 Fideualens:
3101 2149 3254 2237 Ex

805 2271 1141 2391 aduersa
1167 2293 1421 2389 parte
1444 2283 1727 2386 genius
1763 2278 2003 2363 vrbis
2040 2280 2678 2391 capite'turrito
2714 2297 2811 2361 ac
2833 2276 3254 2364 diadema·

806 2414 888 2486 te
917 2420 1348 2509 exornam,
1384 2405 1719 2517 rupibus
1753 2405 2095 2518 infidet,·
2143 2406 2438 2522 quibus
2457 2404 2797 2519 stnzstra
2836 2405 3252 2514 innititur,

814 2532 1172 2620 dextera
1223 2533 1484 2618 vultui
1555 2534 1902 2618 admota.
1961 2536 2195 2653 Quid
2268 2535 2450 2620 hoc
2487 2553 3019 2657 extremum
3083 2534 3190 2620 fit
3228 2591 3258 2644 ‚

806 2661 1164 2746 dextera
1198 2660 1461 2747 vultui
1491 2661 1867 2765 admota,
1946 2663 2167 2747 mihi
2205 2665 2299 2746 in
2339 2663 2647 2775 primis
2692 2661 3250 2772 perspicuum

740 2837 757 2850 ·
809 2790 963 2893 est,
990 2790 1623 2900 quiEdeffenos
1644 2793 2370 2879 numostraffltui.
2393 2789 3250 2899 Suntenimquidem
3335 2885 3344 2892 ,

805 2921 1226 3004 ita-rudes
1252 2975 1277 3025 ,
1320 2940 1453 3005 *vt
1500 2942 2157 3033 nonnumquam
2200 2909 2501 3006 manus
2541 2916 2910 3005 dextera
2943 2917 3247 3005 videa-

810 3070 959 3133 tur
998 3052 1222 3134 nuda
1262 3103 1286 3154 ‚
1347 3073 1608 3159 quae,
1656 3050 1726 3132 fi
1765 3048 2151 3158 argutius
2189 3049 2586 3160 inspicias
2624 3101 2650 3150 ‚
2725 3047 2866 3131 seu
2908 3043 3244 3132 fistrum

806 3195 1061 3260 tenet
1104 3178 1244 3260 seu
1282 3178 1576 3287 spicas·
1706 3179 1908 3262 Hoc
1945 3179 2135 3290 ipso
2174 3177 2265 3260 in
2302 3200 2578 3263 numo
2599 3173 2984 3265 Parifino
3021 3175 3249 3262 Eze-

806 3303 1039 3387 chiel
1109 3303 1690 3416 spanhemius
1760 3301 2089 3389 {istrum
2150 3306 2247 3387 in
2313 3306 2686 3390 dextera
2760 3304 3133 3411 agnouit
3208 3356 3241 3409 ,

748 3440 763 3453 ’
805 3436 1044 3542 quod
1088 3433 1395 3523 ocul-os
1446 3430 2031 3520 Fideualentis
2072 3430 2324 3542 fugit.
2464 3434 2603 3517 lta
2634 3447 2896 3542 typus
2940 3430 3244 3515 omnis

801 3561 1271 3649 Edeffenus
1308 3560 1475 3665 est,
1556 3579 1703 3644 tot
1755 3557 1940 3645 aliis
1999 3563 2282 3646 numis
2317 3559 2698 3669 infignis.
2874 3559 3022 3646 Ne
3051 3558 3240 3667 quis

801 3690 1026 3773 mihi
1064 3690 1205 3774 hic
1243 3689 1647 3794 obiiciat,
1736 3687 2078 3799 geniale
2135 3708 2400 3798 caput
2470 3686 2893 3773 turritum
2962 3687 3239 3773 tribus

804 3817 894 3901 in
952 3820 1234 3901 nuruis
1290 3818 1616 3920 aeneis»,
1688 3841 1906 3926 quos
1958 3817 2197 3901 idem
2254 3812 2763 3903 Fideualens
2809 3812 3238 3900 Parthicis

804 3945 1182 4030 inseruit.
1320 3948 1721 4063 Quorum
1761 3942 2372 4059 vnum-Arsaci
2409 3940 2854 4033 Chosrhoi
2896 3966 2984 4050 p.
3032 3970 3218 4048 321

807 4074 1235 4176 attribuit,
1278 4098 1470 4158 cum
1514 4076 1934 4160 Α.ΔΟΤ.
1980 4093 2584 4180 374.ceteros
2627 4072 2845 4154 duos
2880 4094 2971 4178 p.
3002 4077 3231 4175 386.

808 4210 1032 4311 387.
1072 4203 1370 4288 Arsaci
1406 4201 1864 4288 Artabano
1917 4201 2079 4285 IV.
2132 4224 2332 4284 cum
2386 4200 2633 4286 annis
2688 4197 2946 4285 AOY
2989 4221 3228 4304 471.

798 4352 893 4418 et
940 4335 1104 4417 ΠΥ
1128 4339 1356 4440 480.
1405 4332 1641 4420 Nam
1707 4331 1789 4412 is
1825 4329 2180 4442 quidem
2222 4340 2489 4441 typus
2532 4353 2715 4421 non
2756 4326 3220 4438 adeopro·

2989 4477 3229 4565 pnue
