4559 5919
918 564 1003 668 Ε
1073 560 1519 664 unns
1591 549 2494 661 ILLVSTRATAE
2560 544 2791 665 m.
2865 568 2950 659 1.
3100 608 3221 689 41

664 784 1268 896 tupletantur.
1402 788 1532 873 Vt
1611 786 1923 897 ingens
2003 784 2110 870 fit
2177 808 2654 870 numorum
2741 784 3052 898 copia,
3100 808 3225 895 et,

672 936 1122 1028 quotquot
1163 918 1574 1004 exstitere
1609 941 2015 1028 vsquam,
2053 916 2145 998 in
2179 917 2432 998 vnius
2479 915 3079 1005 confluxerint
3127 918 3231 1039 fif

675 1070 887 1129 num
949 1097 976 1146 ,
1110 1064 1416 1131 tamen
1466 1046 1758 1131 omnis
1808 1044 1957 1128 illa
2005 1044 2231 1154 quafi
2281 1045 2510 1128 acies
2563 1045 2994 1155 explicari
3046 1074 3232 1132 non

684 1173 980 1283 posset
1020 1190 1113 1255 et
1160 1172 1553 1258 ordinari
1625 1227 1653 1280 ,
1758 1172 1824 1256 fi
1877 1174 2141 1256 duces
2188 1173 2322 1255 isti
2372 1173 2646 1256 nostri
2695 1174 3282 1270 cecidissent..

673 1298 784 1387 In
819 1325 1145 1385 vanum
1189 1327 1472 1413 opera
1511 1302 2051 1388 consumitur
2091 1299 2623 1387 hariolando
2649 1353 2679 1405 ‚
2760 1304 2915 1388 nisi
2950 1304 3008 1386 fi
3045 1303 3229 1388 for·-

671 1447 767 1513 te
811 1427 1111 1538 aliquis
1148 1432 1540 1517 condere
1582 1454 1856 1515 nouas
1891 1429 2205 1514 fabulas
2239 1430 2538 1539 cupiat
2582 1483 2608 1532 ,
2700 1431 2980 1517 veluti
3013 1456 3234 1517 vnus

676 1554 1114 1682 expopulo
1189 1558 1477 1642 lunari
1546 1558 2130 1667 descripturus
2180 1558 2722 1642 terrestrium
2772 1562 3229 1671 conditio·-

670 1707 886 1769 nem
938 1710 1293 1790 rerum,
1338 1709 1543 1797 quas
1579 1713 1628 1770 e
1700 1684 2197 1798 longinquo
2252 1705 2732 1770 contuetur
2784 1707 3248 1803 tamquam<

654 1830 819 1902 snut
856 1815 1172 1922 punita
1209 1835 1351 1899 aut
1391 1813 1763 1902 nebulas.
1905 1814 2511 1903 Somniahaec
2550 1816 2737 1899 sunt
2771 1819 3226 1924 iocularia,

658 1940 814 2028 sed
854 1943 1344 2050 perniciosa
1384 1942 1635 2053 supra
1682 1942 2057 2028 modum
2093 1945 2240 2028 vbi
2294 1946 2415 2028 ita
2467 1945 2861 2051 accidat,
2938 1969 3036 2033 vt
3078 1947 3229 2029 isse

662 2064 1272 2186 ι’νθεσιασμος
1302 2071 1558 2157 latius
1587 2072 1912 2181 serpat.
1963 2070 2370 2158 Fortaffis
2398 2072 2538 2156 vir
2570 2074 2922 2184 quidam
2958 2076 3232 2186 longe

676 2200 932 2285 nobis
958 2202 1315 2287 doctior
1341 2206 1529 2311 plus
1551 2225 1829 2310 aequo
1854 2204 2202 2308 metuit,
2227 2199 2570 2286 nehaec
2598 2204 2905 2287 critica
2924 2202 3230 2290 haere-

658 2318 774 2411 fis
798 2330 1256 2415 interitum
1278 2330 1613 2414 adferat
1636 2328 2053 2413 historiae
2086 2359 2105 2414 ε
2164 2332 2466 2436 negari
2486 2350 2996 2418 tamennon
3023 2354 3231 2443 pot*—

672 2455 793 2539 est
814 2514 839 2563 ‚
862 2455 1361 2543 defensores
1381 2455 1797 2568 reperisse
1818 2455 2527 2540 Archontianam
2558 2455 3010 2544 officinam
3035 2483 3125 2546 et
3148 2464 3238 2547 in

672 2587 987 2673 animis
1021 2589 1570 2698 quorundam
1604 2583 1964 2693 gliscere
1986 2641 2011 2690 ‚
2045 2608 2143 2689 vt
2172 2584 2677 2669 diffimulari
2717 2594 3232 2676 econtrario

670 2712 1172 2821 indignatio
1196 2740 1240 2797 a
1260 2719 1494 2801 redte
1520 2712 2082 2798 sentientibus
2106 2739 2290 2797 non
2314 2712 2797 2798 debeat.Ab
2821 2714 2981 2800 hac
3004 2721 3229 2803 indi·

670 2843 1066 2949 gnitate,
1103 2868 1361 2954 quam
1401 2842 1617 2927 mihi
1656 2842 2055 2926 veritatis
2091 2867 2349 2926 amor
2386 2859 2476 2925 et
2513 2846 3061 2951 quorundam
3099 2851 3235 2932 in-

673 2989 1293 3081 temperanter
1343 2975 1627 3056 numis
1678 2973 2228 3057 abutentium
2276 2971 2810 3058 incredibilis
2858 2976 3232 3064 ambitio

670 3099 1123 3207 expreffit,
1143 3103 1247 3184 ad
1271 3097 1498 3187 laeta
1536 3105 1810 3208 magis
1833 3101 2287 3207 digredior
2324 3122 2580 3209 atque
2605 3101 2802 3207 tibi,
2854 3108 3266 3211 gratiam,

672 3253 934 3336 quarn
954 3229 1366 3312 debemus
1406 3229 1741 3337 publice
1765 3229 2058 3312 refero
2104 3281 2128 3329 ‚
2196 3229 2682 3315 -Affemane
2723 3228 3236 3342 doetiffime‚

670 3357 816 3466 qui
843 3358 1447 3441 monumentis
1466 3356 1911 3442 Edeffenis
1946 3355 2407 3465 euulgatis,
2443 3355 2775 3464 signum
2815 3360 3229 3470 sustulisti,

667 3502 771 3565 ’vt
796 3481 1147 3569 historia
1184 3511 1486 3591 regum
1520 3484 2199 3569 Osrho'e’norum
2237 3489 2327 3569 in
2365 3486 2558 3569 luce
2605 3485 3232 3580 collocaretur.

674 3612 962 3695 Tuam
985 3636 1158 3720 ego
1179 3613 1772 3695 eruditionem
1796 3669 1818 3714 ‚
1856 3634 2098 3695 tuam
2124 3615 2375 3694 omni
2411 3616 2498 3694 in
2526 3616 2838 3721 pagina
2860 3619 3230 3727 integri-

679 3758 965 3824 tatem
1005 3761 1096 3823 et
1152 3738 1499 3823 candidi
1532 3740 2011 3849 imaginem
2051 3740 2434 3846 pet-:toris
2470 3760 2557 3824 et
2594 3744 2924 3851 antiqui
2961 3746 3231 3836 fidem

680 3869 1073 3978 exempli
1098 3889 1185 3953 et
1207 3868 1620 3952 iudicium
1644 3894 1843 3954 acre
1864 3887 1954 3952 et
1977 3860 2483 3952 indefessum
2524 3870 2922 3956 laborem
2948 3877 3227 3961 admi-

670 4020 861 4099 ror,
891 4018 986 4083 vt
1025 4022 1170 4080 me
1200 4000 1357 4082 vix
1391 4021 1553 4106 per
1583 4017 1823 4081 tuam
1875 3997 2395 4082 modestiam
2429 4023 3002 4112 amoremque
3039 4032 3228 4090 mu·-

676 4141 924 4208 tuum
946 4149 994 4208 a
1016 4128 1678 4231 praedicatione
1700 4126 2047 4211 laudum
2068 4147 2413 4212 tuarum
2453 4128 2906 4214 sustineam
2939 4189 2964 4234 ‚
3014 4159 3231 4242 quae

678 4250 1088 4359 profesto
1116 4252 1308 4339 sunt
1326 4252 1918 4362 amplissimae.
1987 4257 2272 4340 Tuum
2308 4254 2804 4364 igiturillud
2826 4259 2942 4340 est
2962 4270 3232 4349 meri-

671 4397 865 4466 tum
905 4406 1250 4497 quoque
1289 4437 1320 4492 ,
1396 4384 1635 4498 quod
1669 4382 2074 4499 Abgaros
2110 4387 2460 4476 nostros
2502 4387 2598 4474 in
2651 4385 2974 4498 numis‚
3022 4415 3230 4501 per-

2010 4515 2082 4602 F
2781 4595 2788 4606 ,
3077 4548 3236 4636 pe.
