4559 5919
1317 593 1371 676 2
1397 591 1522 674 υ,
1808 483 2556 684 ἨιεΤοΜᾈΕ
2621 543 3394 650 osRHoENAE

1321 776 1510 888 pias
1564 773 2070 861 admoueat.
2242 772 2761 863 Constituto
2836 789 3023 856 tum
3083 769 3400 854 ordine
3452 770 3895 880 gerendae

1314 907 1450 993 tei
1488 960 1517 1011 ,
1609 925 1806 991 tum
1889 905 2028 987 die
2068 957 2093 1009 ‚
2210 902 2466 991 Balas
2539 900 2993 991 Amachae
3075 919 3438 984 centum
3506 922 3899 986 armatos

1321 1033 1699 1156 occultis
1768 1033 1996 1118 locis
2034 1031 2423 1143 disponit
2461 1087 2490 1140 ,
2595 1033 2742 1144 qui
2792 1029 2902 1117 ad
2955 1029 3432 1134 aduentum
3508 1028 3900 1117 Comitis

1317 1162 1580 1272 signo
1626 1165 1840 1248 dato
1879 1178 2517 1247 concurrentes
2551 1163 2852 1246 viuum
2893 1177 3350 1269 caperent.
3463 1157 3901 1246 Balduino

1312 1315 1520 1377 cum
1560 1290 1958 1378 ducentis
2026 1290 2453 1403 equitibus
2492 1289 2602 1375 ad
2650 1313 2946 1373 arcem
3011 1287 3473 1390 venienti,
3589 1286 3773 1396 ipse
3808 1290 3900 1371 in

1314 1424 1750 1531 proxima
1781 1419 2015 1506 valle
2055 1421 2504 1527 occurrit,
2578 1436 2932 1524 monet,
2967 1441 3078 1499 ne
3130 1416 3338 1527 quid
3376 1441 3537 1525 per
3574 1413 3897 1500 tumul-

1312 1568 1509 1634 tum
1549 1567 1963 1657 ageretur
1999 1602 2028 1653 ‚
2138 1546 2498 1635 excludi
2549 1544 2794 1657 pofl'e
2833 1599 2860 1651 ‚
2975 1545 3038 1634 fi
3074 1545 3339 1629 suiad
3397 1568 3640 1629 arma
3678 1569 3896 1630 con·-

1312 1697 1667 1763 currant
1707 1730 1737 1782 ‚
1834 1676 2091 1764 satius
2131 1677 2304 1762 effe
2344 1730 2371 1782 ,
2487 1696 2588 1762 vt
2625 1699 2823 1761 cum
2864 1676 3160 1785 paucis
3195 1673 3527 1759 selectis
3561 1673 3898 1763 Come's

1312 1802 1721 1910 accedat,
1798 1829 1913 1890 eo
1955 1808 2047 1890 in
2087 1830 2390 1892 arcem
2431 1804 3203 1916 a*ccept0‚equites
3239 1803 3569 1913 apertis
3608 1802 3899 1911 portis

1312 1933 1824 2018 intromitti
1871 1934 2152 2044 poss'e.
2295 1932 2490 2019 Iam
2532 1931 2874 2042 legerat
2909 1931 3062 2017 fibi
3103 1921 3564 2041 optimum*
3592 1955 3895 2041 quem·

1308 2085 1478 2170 que
1513 2059 2033 2167 BalduinuS,
2110 2087 2275 2173 qua
2311 2082 2511 2145 cum
2534 2084 2795 2145 manu
2832 2064 3212 2146 intraret
3254 2083 3548 2144 arcem
3591 2111 3617 2162 ,
3695 2082 3896 2144 cum

1308 2191 1598 2272 ceteri
1676 2186 1942 2276 duces
2014 2213 2218 2274 eum
2296 2189 2910 2276 absterrerent.
3084 2185 3310 2274 Miffi
3352 2187 3822 2271 duodecim
3865 2239 3921 2291 „

1310 2312 1760 2401 fidiffimus
1797 2319 2154 2429 quisque
2192 2373 2225 2423 ,
2334 2317 2480 2429 qui
2520 2313 2886 2429 recepta
2918 2341 3130 2402 arce
3172 2315 3508 2425 fignum
3546 2316 3892 2419 darent,

1312 2468 1369 2528 e
1405 2443 1638 2533 valle
1681 2446 2161 2532 exoriendi
2196 2449 2556 2532 ceteris.
2692 2447 2812 2534 Hi
2845 2471 3046 2532 cum
3104 2463 3372 2555 porta
3432 2440 3705 2529 effent
3748 2441 3897 2527 ad-

1313 2571 1564 2679 misti,
1611 2593 1998 2684 repente
2034 2599 2149 2661 ex
2184 2573 2508 2660 insidiis
2561 2595 2960 2659 armatos
3009 2572 3539 2682 consurgere
3587 2572 3899 2657 vident

1316 2717 1413 2784 et
1453 2704 1892 2812 impetum
1932 2701 2248 2790 facere.
2424 2702 2868 2791 Conserta
2901 2722 3165 2786 manu
3222 2701 3532 2785 decem
3584 2699 3822 2808 capti
3863 2752 3893 2803 ,

1304 2828 1509 2943 duo
1585 2831 1678 2912 in
1736 2831 2055 2916 domus
2113 2832 2580 2916 moenibus
2638 2832 2982 2920 vicinae
3013 2832 3350 2920 tenum
3421 2827 3899 2939 pugnando

1304 2956 1841 3063 euadente-³5,
1920 2980 2255 3045 vocant
2289 2961 2484 3044 suos
2522 2962 2616 3042 in
2649 2957 2920 3064 valle,
3007 2958 3215 3070 quid
3276 2979 3632 3069 geratur
3677 2980 3901 3045 nun-

1228 3079 1265 3099 *
1315 3087 1582 3169 ciant.
1677 3088 1877 3173 Arx
1914 3087 2004 3172 in
2045 3086 2385 3173 excelsa
2419 3112 2648 3196 rupe.
2676 3087 2836 3174 vix
2867 3086 3265 3172 humanis
3306 3086 3614 3197 opibus
3648 3086 3896 3194 supe·

1312 3213 1586 3297 randa
1622 3212 2149 3305 Balduinum
2189 3244 2238 3302 a
2271 3216 2660 3303 vindidta
2691 3214 3189 3303 absterruit:
3261 3217 3586 3325 itaque
3632 3213 3898 3303 Balae

1311 3338 1615 3428 multis
1682 3344 1974 3429 verbis
2055 3343 2172 3428 ob
2225 3341 2692 3454 perfidiam
2768 3344 3271 3456 increpito,
3328 3340 3644 3428 libram
3711 3342 3899 3429 auri

1300 3469 1640 3579 *pondo
1674 3496 1849 3583 pro
1885 3472 2197 3584 quouis
2234 3472 2631 3583 pretium
2674 3470 2974 3556 offert.
3106 3470 3271 3560 Ille
3308 3470 3730 3581 Sarugum
3752 3494 3898 3556 re·

1312 3598 1551 3708 petit
1607 3622 1656 3683 a
1706 3600 1791 3686 se
1848 3600 2285 3688 deditum:
2376 3616 2639 3710 negat
2685 3598 3156 3690 Balduinus
3196 3601 3451 3685 reddi
3503 3598 3752 3709 poss‘e
3803 3614 3908 3684 et

1314 3725 1651 3816 inseeto
1684 3731 2064 3842 negotio
2109 3730 2505 3816 discedit.
2618 3725 2952 3839 Sarugo
2979 3782 3007 3836 ,
3083 3749 3185 3816 vt
3220 3749 3430 3814 ante
3484 3728 3893 3832 diximus,

1316 3854 1779 3943 fulbertus
1872 3858 2450 3949 Carnotenfis
2534 3878 2996 3966 praeeram·
3113 3859 3340 3945 ·Hic
3387 3858 3803 3965 cognito
3859 3909 3892 3960 ,

1319 3985 1566 4094 quod
1622 3985 2059 4071 acciderat
2110 3987 2460 4072 infidias
2518 3987 2750 4071 circa
2801 3983 3294 4073 Amacham
3366 3984 3752 4099 disponit
3805 4002 3899 4069 et
3939 3978 3960 3989 “

1318 4113 1752 4224 praedam
1797 4140 2091 4228 prope
2129 4140 2426 4201 arcem
2466 4117 2815 4223 agendo
2854 4114 3094 4201 elicit
3130 4118 3238 4201 ad
3274 4140 3552 4225 opem
3605 4115 3895 4198 feren-

1322 4242 1525 4326 dam
1587 4244 2244 4353 praefidiarios‚
2335 4268 2556 4356 quos
2628 4242 3058 4352 fugiendo
3105 4241 3557 4355 protrahit
3610 4246 3700 4326 in
3749 4238 3897 4324 lo·-

1317 4392 1520 4455 cum
1565 4372 2123 4493 insidiarum,⁴
2241 4399 2357 4459 ex
2404 4397 2579 4484 quo
2639 4376 2940 4458 coorti
2987 4373 3297 4460 Franci
3344 4372 3714 4457 caedunt
3765 4367 3896 4451 fu-

1327 4516 1711 4627 gantque
1748 4501 2089 4611 hostes,
2167 4504 2318 4590 sex
2339 4506 2590 4597 vinos
2631 4504 3022 4617 capiunt.
3099 4609 3104 4613 p
3151 4502 3328 4586 Pro
3361 4499 3496 4588 his
3533 4500 3680 4623 sex
3700 4498 3896 4582 suo-

3692 4649 3898 4712 rum
