4559 5919
1195 510 1207 524 “
1257 524 1454 666 '146
1724 492 2425 634 mSTom'AE
2505 529 3324 633 OSRHOENAE

1125 800 1144 813 ·
1258 757 1520 855 dotus
1563 760 1706 860 (1)
1734 753 2097 841 testatur
2131 752 2580 838 Persarum
2622 750 3010 837 militum
3065 754 3581 860 anaxyridas
3619 783 3819 845 om·

1259 910 1638 997 nemque
1677 883 2088 968 vestitum
2129 878 2370 967 suiffe
2401 937 2427 986 ‚
2535 903 2584 963 e
2624 883 2911 965 corio.
3048 878 3347 971 Genus
3379 885 3632 970 vestis
3671 910 3821 972 au-

1258 1032 1447 1097 tem
1486 1066 1511 1118 ,
1591 1036 1845 1123 quam
1884 1008 2138 1096 miles
2177 1010 2409 1122 gerit
2487 1062 2514 1113 ,
2616 996 3107 1126 χειειδωτόν
3133 1028 3403 1096 vocat
3437 1013 3753 1102 Pollux
3791 1067 3819 1119 ,

1253 1131 1478 1228 κατὰ
1499 1135 1654 1242 *cais
1692 1125 1924 1253 dila-85
1963 1133 2585 1250 ἐναπτόμενον.
2715 1139 3073 1223 Praeter
3125 1133 3353 1221 hunc
3408 1143 3828 1252 corporis

1259 1289 1677 1354 ornatum
1722 1320 1746 1371 ‚
1828 1265 2273 1376 sceptrum
2310 1289 2657 1377 quoque
2707 1263 3347 1353 Edeffenorum
3379 1291 3689 1378 regum
3731 1272 3825 1355 in

1258 1399 1545 1484 numis
1582 1397 2077 1506 reperimus
2109 1449 2134 1498 ,
2193 1410 2305 1478 vt
2351 1395 2712 1501 Cotyos
2765 1410 2854 1476 et
2896 1388 3478 1479 Sauromata-e
3515 1423 3828 1508 regum

1261 1529 1352 1612 in
1395 1524 1679 1637 numis
1737 1521 1969 1634 apud
2021 1519 2686 1630 Spanhemium.
2895 1518 3374 1629 Sceptrum·
3405 1523 3602 1609 satis
3638 1550 3835 1611 ma·

1258 1680 1527 1765 gnum
1569 1650 1851 1755 fuisse,
1899 1668 2087 1734 tum
2127 1673 2174 1732 e
2214 1651 2499 1758 qumis
2533 1667 2939 1759 apparet,
2983 1669 3176 1732 tum
3211 1674 3327 1734 ex
3352 1674 3828 1765 compara·
3908 1714 3917 1723 ·

1261 1787 1516 1869 tione
1555 1779 1939 1866 Parthici
1970 1777 2339 1887 sceptri‘
2377 1833 2404 1884 ‚
2521 1777 2627 1860 de
2667 1801 2843 1890 quo
2889 1774 3217 1864 Statius
3255 1779 3344 1860 in
3381 1779 3829 1870 Thebaide

1261 1916 1431 2018 (2)
1522 1909 1929 1996 iuuenem
1962 1904 2378 1995 Parthum
2428 1930 2748 1993 canens
2817 1959 2844 2012 ,
2952 1906 3096 2018 qui
3150 1908 3427 2020 patris
3483 1911 3575 1996 in
3611 1909 3828 2000 loco

1261 2037 1638 2127 succedit
1660 2091 1692 2145 ‚

2206 2219 2587 2345 visusque
2606 2227 2768 2342 sibi
2803 2255 2942 2315 nec
2937 2218 3279 2344 sceptra
3313 2238 3600 2345 capaci

1497 2352 1570 2449 S
1577 2357 1987 2446 attentare
2022 2384 2261 2448 manu
2293 2414 2320 2466 ‚
2399 2383 2534 2444 nec
2573 2355 2839 2443 adhuc
2882 2356 3214 2471 implere
3250 2359 3591 2449 tiaram.

1507 2549 1680 2642 Sed
1719 2554 2178 2640 redeamus
2210 2551 2321 2637 ad
2359 2549 2607 2635 istum
2644 2550 2964 2661 Haymi
3001 2577 3357 2641 numum
3402 2606 3430 2658 ,
3580 2581 3625 2641 a
3655 2580 3833 2670 quo

1269 2681 1604 2794 digreffi
1639 2683 1917 2768 sumus
1959 2737 1987 2786 ,
2068 2700 2586 2794 opportuna
2624 2681 3084 2768 occafione
3123 2681 3484 2792 infignia
3521 2710 3833 2799 regum

1261 2811 1899 2900 Edeffenorum
1939 2809 2470 2921 explicandi.
2606 2807 3300 2920 Alannuscapite
3341 2815 3570 2920 gerit
3611 2817 3831 2899 eius-

1271 2940 1519 3024 modi
1554 2939 1874 3052 aliquid
1910 2994 1937 3044 ,
2018 2940 2255 3051 quod
2293 2938 2783 3048 lornandes
2818 2941 2904 3023 in
2944 2940 3283 3029 Geticis
3317 2945 3457 3048 (3)
3533 2942 3871 3054 obscu-,

1267 3070 1443 3152 rius
1485 3067 1957 3180 describit:
2065 3058 2350 3179 Persae
2422 3062 2769 3150 brachia
2802 3079 2886 3152 et
2960 3091 3223 3151 crura
3275 3066 3829 3175 lineamentis,

1266 3210 1509 3307 caput
1543 3199 1778 3281 tiara
1815 3209 2093 3307 tegunt
2129 3229 2150 3283 ε
2246 3195 2586 3279 eminent
2624 3193 3028 3308 capitibus
3045 3187 3506 3309 fastigiatis
3544 3196 3833 3288 Alani.

1263 3324 1666 3411 Dionem
1703 3349 2054 3437 quoque
2099 3320 2380 3409 adfert
2424 3325 2873 3411 auctorem
2919 3380 2943 3430 ‚
3021 3330 3194 3433 (4)
3265 3328 3410 3438 qui
3439 3323 3668 3411 dixit
3707 3330 3833 3413 in·

1267 3470 1400 3538 ter
1433 3448 1694 3538 Getas
1733 3456 2160 3563 (quorum
2215 3449 2356 3534 sub
2417 3455 2784 3536 nomine
2837 3455 3178 3541 Alanos
3228 3453 3837 3566 comprehen-

1274 3585 1451 3689 dit)
1512 3581 1878 3691 primum
1913 3575 2315 3667 Zarabos
2352 3591 2619 3662 tereos
2674 3636 2701 3686 ‚
2793 3581 3064 3666 deinde
3099 3584 3511 3668 vocitatos
3564 3579 3849 3671 Pina..

1268 3727 1391 3795 tos
1436 3771 1460 3816 ‚
1531 3707 1675 3793 hos
1717 3765 1741 3814 ‚
1821 3711 1964 3822 qui
2002 3713 2223 3791 inter
2262 3728 2391 3790 eos
2417 3709 2789 3821 generosi
2812 3708 3245 3823 exstabant
3286 3744 3305 3797 ι
3389 3735 3499 3796 cx
3540 3713 3835 3825 quibus

1265 3844 1369 3924 iis
1401 3854 1483 3924 et
1527 3860 1757 3946 reges
1791 3851 1876 3920 et
1887 3829 2358 3948 sacerdotes
2393 3832 3015 3921 ordinabantur.
3207 3839 3310 3925 In
3348 3840 3617 3924 Dacis
3676 3867 3837 3930 ea-

1269 3967 1468 4051 dem
1514 3966 1747 4048 ratio
1789 3961 3014 4071 fi1it.PetrusPatricius(5)
3086 3968 3179 4050 in
3216 3967 3838 4078 legationibus:

1211 4084 1397 4184 ,ὅτι
1436 4089 1904 4196 Δεκὲξαλος
1954 4083 2149 4210 πςὸς
2205 4087 2639 4205 Τεαίανᾶν
2708 4088 3099 4205 ‘treta-&as
3141 4090 3534 4213 ἔπεμψε
3583 4101 3835 4185 Πιλο-

3663 4217 3841 4334 (pff-

1271 4547 1527 4696 Μιιτξῖ)
1556 4555 1753 4717 &sp
1767 4554 2051 4715 2202,
2046 4557 2348 4704 Lam-u
2439 4571 2593 4639 292
2638 4559 2741 4642 (3)
3126 4558 3225 4644 (4)
3262 4577 3319 4626 c·
3360 4559 3439 4622 V.
3481 4577 3541 4640 p,
3573 4573 3716 4642 194·
3742 4558 3842 4628 ed.
