4559 5919
784 553 869 663 Ε
941 542 1393 648 NVMIS
1475 506 2388 643 ILLVSTRATAE
2471 544 2710 641 Lm.
2782 546 2960 645 ιν.
3040 582 3232 666 223

639 769 843 859 Kal.
890 771 1159 861 Iulias
1199 773 1316 859 A.
1377 768 1485 858 C.
1549 761 1781 875 363.
1833 769 2011 857 Res
2064 765 2300 877 apud
2352 767 2845 853 exercit-um
2898 768 3246 858 Roma-

651 926 862 984 num
914 900 1250 987 'summa
1304 901 1399 984 in
1455 898 2137 1008 perturbatione
2184 917 2486 1002 erant,
2579 923 2780 981 cum
2831 899 3246 985 Iouianus

649 1031 1079 1137 Augustus
1118 1027 1631 1112 a‘militibus
1666 1027 1933 1113 distus
1956 1082 1984 1132 ‚
2054 1051 2251 1137 *non
2295 1022 2582 1110 modo
2616 1027 3241 1134 Transtigrita-

654 1182 806 1240 nas
853 1156 1360 1267 prouincias
1409 1158 1702 1266 iniqua
1755 1146 1983 1266 pace
2010 1155 2394 1241 destituit
2449 1175 2544 1238 et
2598 1157 3054 1242 Armenos
3100 1158 3248 1243 so·

650 1287 841 1370 cios
860 1340 889 1391 ‚
959 1286 1101 1372 sed
1139 1287 1410 1368 etiam
1448 1284 1789 1372 Nisibin
1831 1282 2490 1370 munitissimam
2544 1284 2853 1375 vrbem
2909 1309 3002 1373 et
3055 1312 3246 1385 ma-

644 1417 987 1507 ximum
1034 1415 1312 1501 totius
1357 1415 1734 1498 orientis
1788 1415 2556 1523 propugnaculum
2612 1411 2961 1499 Persicis
3015 1417 3244 1500 inui-

646 1545 883 1661 ctum
919 1547 1189 1629 armis
1229 1542 1631 1629 tradidit.
1687 1548 1827 1660 (4)
1888 1544 2114 1627 Tam
2164 1554 2380 1625 caro
2436 1562 2529 1627 et
2584 1542 2971 1626 reditum
3024 1543 3252 1629 emit

648 1690 743 1757 et
786 1673 1159 1783 triginta
1211 1695 1655 1757 annorum
1712 1670 2128 1755 inducias,
2273 1669 2496 1754 Inde
2543 1670 2944 1758 Edessam
2996 1673 3252 1759 venit

643 1798 1086 1887 IouianuS.
1146 1900 1155 1907 .
1259 1802 1497 1888 Nam
1555 1798 2189 1910 Philostorgius
2240 1798 2542 1884 Photii
2598 1800 2996 1910 prodidit
3055 1825 3249 1886 me·-

604 2036 613 2041 ⁴
651 1930 999 2015 moriae
1026 1984 1056 2034 7
1131 1933 1276 2036 (5)
1307 1928 1551 2012 isthic
1592 1932 1699 2014 ad
1739 1956 1937 2015 eum
1983 1926 2279 2013 adiisse
2323 1928 2821 2016 Candidum
2864 1948 2956 2011 et
2992 1932 3250 2015 Arri-

647 2082 911 2142 anum
947 2059 1053 2140 de
1104 2056 1738 2143 controuersiis
1785 2082 1985 2141 cum
2036 2055 2556 2142 Athanasio.
2687 2056 3044 2143 Eodem
3103 2085 3245 2171 re-

644 2183 1002 2272 serenda
1054 2189 1171 2272 est
1219 2186 1685 2297 inscriptio
1722 2186 1944 2295 legis
1994 2186 2087 2268 in
2128 2184 2496 2272 ‘Codice
2569 2182 3244 2291 Theodofiano,

646 2318 788 2421 (6)
842 2340 1058 2424 quae
1113 2314 1546 2402 Iouianum
1614 2331 1697 2399 et
1758 2313 2426 2402 Valentinianum
2490 2304 2725 2399 Coss.
2767 2339 3251 2426 perperam

643 2442 1162 2530 subnotatos
1194 2443 1458 2540 habet
1479 2498 1508 2549 ,
1582 2464 1683 2530 vt
1715 2442 2083 2530 Iacobus
2102 2440 2720 2532 Gothosredus
2751 2447 2929 2529 iam
2963 2445 3248 2529 anim-

649 2574 1062 2660 aduertit.
1193 2578 1333 2680 (7)
1402 2577 1640 2663 Nam
1697 2574 2151 2678 SalustiuS‚
2277 2574 2426 2684 qui
2497 2564 2737 2658 anno
2791 2570 2953 2657 illo
3012 2580 3250 2680 363.

647 2728 847 2789 cum
894 2701 1245 2788 Iuliano
1287 2704 1503 2792 Cos.
1545 2694 1757 2807 fuit,
1840 2704 1983 2787 sub
2021 2704 2410 2789 Iouiano
2452 2702 2685 2813 Imp.
2741 2702 2834 2785 in
2888 2699 3250 2786 honore

644 2830 1007 2934 mansit,
1090 2858 1327 2917 anno
1368 2850 1663 2918 autem
1701 2833 1900 2947 post
1938 2830 2350 2916 Iouianus
2405 2855 2605 2913 cum
2667 2830 3247 2917 Varroniano

640 2959 1207 3062 Nobiliffimo
1284 2988 1571 3072 puero
1644 2958 2215 3046 consulatum
2268 2961 2495 3046 iniit.
2573 2961 2804 3049 Cum
2867 2957 3249 3046 Ioniano

645 3088 858 3176 Cos,
936 3090 1614 3175 Valentinianus
1656 3115 2131 3200 numquam
2173 3089 2362 3174 fuit.
2444 3090 2664 3176 Non
2700 3090 2853 3174 diu
2880 3090 3248 3178 Edessae

645 3218 905 3326 egiffe
940 3221 1294 3304 videtur
1329 3221 1774 3306 Iouianus.
1871 3220 2108 3306 Nam
2149 3210 2526 3303 Zosimo
2568 3220 2820 3325 teste,
2906 3221 3250 3329 oppida

638 3349 969 3456 raptim
1013 3349 1289 3454 obiit,
1386 3352 1677 3435 donec
1748 3349 2007 3432 venit
2072 3346 2702 3436 Antiochiam.
2878 3348 3248 3436 Confir-

642 3492 829 3557 mat
893 3476 980 3557 id
1019 3482 1365 3585 quoque
1403 3478 1928 3564 Ammianus
1954 3476 2329 3579 ‚Qius
2367 3501 2676 3561 comes
2737 3481 3248 3588 expeditio-

641 3605 795 3685 niS.
892 3604 1295 3693 Edessam
1332 3632 1439 3688 ne
1501 3608 1913 3688 nominat
1974 3603 2395 3714 quidem,
2483 3606 2723 3715 quod
2784 3606 3003 3689 nihil
3058 3634 3248 3692 ma-

638 3753 863 3840 gnae
893 3734 1255 3818 reieain
1274 3720 1485 3819 vrbe
1507 3733 1838 3842 gestum
1864 3731 2178 3816 fuerat.
2222 3735 2913 3821 NamCandidus
2938 3755 3025 3818 et
3068 3741 3247 3824 Ar-

634 3864 1596 3973 rianuslmperatorem
1624 3863 1967 3948 morari
1998 3886 2183 3946 non
2208 3883 2623 3972 potuere.
2651 3864 3248 3951 Antiochiam

637 3990 1399 4098 Hyperberetaeo'
1458 3988 1752 4078 mense
1815 4047 1840 4097 ‚
1926 3991 2097 4076 fiue
2136 3992 2515 4112 Ostohri
2573 3991 2926 4079 Iuliano
2967 3998 3254 4102 venit,

639 4136 741 4200 vt
798 4122 1105 4206 auctor
1141 4120 1259 4204 est
1303 4119 1909 4232 Theophanes
1945 4122 2457 4232 Byzantius.
2495 4121 2634 4229 (8)
2780 4123 3060 4212 Anno
3103 4150 3256 4207 au·

3058 4273 3252 4338 tem

710 4491 3260 4624 m.

508 4636 519 4639 ’
637 4624 824 4688 thofr.
875 4625 989 4701 (6)
1034 4626 1263 4688 Codice
1295 4626 1687 4706 V11.'1'it..4
1748 4627 1828 4685 de
1872 4646 2048 4704 erog.
2087 4628 2363 4687 militaris
2416 4642 2695 4684 annonae
2753 4626 2824 4690 1..
2867 4644 2934 4708 9.
3028 4624 3133 4707 (7)
3182 4631 3264 4686 In

638 4712 802 4770 uotis
833 4711 906 4771 ad
930 4709 1382 4787 philostorgium
1402 4728 1465 4789 p.
1487 4727 1643 4792 330.
1693 4712 1818 4794 (8)
1859 4711 2245 4789 Thophanea
2288 4728 2355 4797 p.
2394 4720 2506 4791 45¹.
2540 4707 2638 4773 ed.
2673 4708 2810 4774 Par.
