4559 5919
1299 540 1495 621 ,σε
1653 526 1728 605 1
1859 480 2556 620 msmaua
2620 517 3389 662 osannam
3524 604 3539 619 .

1273 744 1449 853 ⁸lius
1483 742 1938 835 Africanus
1968 746 2060 826 in
2096 735 2346 849 Syria
2378 741 2565 851 egit
2613 732 2747 863 et}
2774 766 2944 854 pro
2998 739 3664 856 Nicopolitanis
3714 747 3861 836 seu

1283 877 1744 971 Emauntis
1798 873 1973 956 vici
2019 871 2344 958 ciuibus
2388 870 2846 980 legatione
2895 873 3003 956 ad
3046 871 3661 962 Alexandrum
3694 877 3856 966 Se,

1287 1028 1598 1087 uerum
1667 1007 1897 1111 Imp·
1968 999 2422 1109 aliquanto
2494 1002 2689 1110 post
2744 996 3160 1112 tempore
3210 1003 3652 1091 defimdtus
3703 1008 3850 1092 est.

1285 1132 1683 1216 Iniecisse
1728 1150 2020 1214 autem
2062 1154 2260 1212 eum
2300 1130 2386 1212 in
2437 1129 2710 1219 Cestis
2765 1134 3323 1217 mentionem
3374 1131 3620 1217 huius
3664 1138 3855 1222 Ab·

1281 1264 1476 1370 gari
1497 1284 1610 1345 ex
1649 1257 2059 1366 Georgio
2099 1256 2518 1365 Syncello
2555 1259 3245 1374 (7)cognoscere
3268 1259 3487 1344 mihi
3506 1264 3849 1349 videor.

1287 1391 1524 1475 Nam
1565 1416 1774 1474 cum·
1814 1387 2059 1470 isthic
2103 1412 2440 1469 nouem
2500 1389 2963 1475 cestorum
3014 1385 3289 1472 libros
3326 1388 3854 1479 Alexandro

1291 1516 1629 1601 Seuero
1671 1544 1714 1599 a
1745 1514 1973 1600 Iulio
2013 1512 2437 1621 Africano
2478 1516 2929 1600 dedicatos
2966 1541 3683 1627 commemorat,
3736 1522 3855 1607 fic

1285 1647 1458 1728 ait:
1536 1633 2009 1756 Α’Φρικανός
2065 1638 2475 1759 Αξγαρόν
2533 1634 2804 1750 <Dm-ut
2855 1635 3061 1753 ieedv
3092 1630 3387 1761 ἅνδξα,
3431 1645 3545 1732 ri?
3590 1645 3857 1767 πρώην

1287 1770 1651 1889 Αυγσίξε
1685 1768 2135 1885 ὁμώνυμον
2161 1769 2622 1887 βασιλεύειν
2655 1766 3032 1875 -Εδέο-ης
3089 1771 3316 1859 κατὰ
3360 1771 3628 1876 fares
3698 1768 3855 1882 τές

1283 1898 1632 2018 χξόνυς.
1675 1903 1836 1987 Hic
1872 1894 1908 1982 ὁ
1960 1896 2230 2012 πρώην
2250 1885 2648 2014 Αὕγαρος
2683 1903 3029 1987 videtur
3069 1900 3234 1986 effe
3278 1903 3854 2013 aut·Abgarus

1286 2031 1698 2135 SeueruS,
1731 2031 1965 2117 cuius
2004 2028 2277 2142 etiam
2323 2030 2881 2113 mentionem
2918 2030 3342 2115 iniecerat
3382 2024 3846 2149 autssAbga-

1282 2183 1429 2243 rus
1450 2158 1872 2241 Vchama.
1899 2158 2363 2241 Praeterea
2379 2181 2605 2240 vero
2645 2153 2802 2239 illo
2839 2160 2928 2241 in
2966 2155 3178 2240 loco
3205 2159 3277 2245 C
3291 2158 3674 2244 estorum
3698 2163 3845 2249 Iu·
3946 2214 3961 2245 .

1284 2285 1445 2370 lius
1465 2284 1917 2373 Africanus
1939 2285 2044 2367 de
2064 2284 2408 2370 Manno
2433 2303 2759 2389 narrat,
2787 2311 2983 2369 cum
3005 2287 3465 2405 aliquando
3490 2287 3840 2379 sublme-

1278 2417 1600 2499 ridiem
1623 2433 2155 2500 venarentur
2181 2469 2205 2517 ‚
2232 2412 2629 2497 accidiss'e
2654 2467 2679 2517 ‚
2724 2433 2820 2498 vt
2844 2414 3027 2498 vrsa
3047 2442 3093 2497 e
3112 2414 3380 2498 lustro
3399 2418 3844 2526 impetum

1282 2542 1609 2627 faceret
1648 2544 1877 2627 adeo
1921 2541 2532 2652 praeferocem
2557 2559 2704 2645 ‚vt
2746 2566 3056 2625 omnes
3075 2568 3287 2651 prae
3326 2565 3572 2629 metu
3607 2545 3836 2634 late-

1281 2670 1472 2757 bras
1511 2689 1599 2753 et
1636 2671 1888 2807 fugae
1923 2670 2491 2781 capessendae
2529 2671 2710 2754 vias
2739 2695 3265 2782 quaererent
3315 2726 3342 2775 ,
3462 2673 3837 2765 Manum

1278 2825 1554 2884 vnum
1593 2821 1943 2886 ceteros
1971 2801 2219 2884 bono
2240 2801 2547 2884 animo
2572 2799 2737 2884 effe
2772 2798 3068 2883 iuffiffe
3093 2823 3347 2913 atque
3371 2799 3610 2886 illico
3633 2807 3838 2894 dua-

1209 2934 1216 2943 ’
1280 2928 1430 3012 bus
1452 2928 1777 3036 sagittis
1798 2927 2257 3014 confixisse
2278 2925 2511 3012 ferae
2535 2925 2869 3014 oculos.
2940 2926 3231 3038 Ipsum
3252 2930 3843 3022 Bardesanem

1277 3056 1742 3162 Parthum,
1821 3082 2078 3168 quem
2121 3057 2421 3166 postea
2460 3075 2755 3166 narrat
2790 3057 3249 3166 sagittandi
3298 3056 3409 3141 sle
3449 3064 3844 3170 peritum

1265 3183 1548 3288 finire,
1586 3205 1685 3269 vt
1724 3185 1924 3272 telis
1962 3185 2135 3271 illis
2174 3186 2333 3270 suis
2366 3173 2756 3270 'hominis
2797 3186 3183 3300 effigiem
3243 3191 3828 3300 exprimeret,

1278 3315 1559 3404 veluti
1593 3313 1897 3424 aliquis
1934 3316 2225 3423 pictor
2259 3369 2287 3418 ,
2361 3313 2881 3398 Edeffenum
2919 3314 3154 3400 fuifl‘e
3209 3339 3419 3398 reor
3492 3372 3519 3421 ,
3594 3325 3838 3431 quod

1249 3467 1614 3527 nomen
1651 3444 1932 3550 ipsum
1970 3441 2299 3525 indicat
2353 3482 2399 3544 ,·Κ
2456 3442 3195 3551 quemadmodum
3242 3443 3491 3553 supra
3540 3472 3833 3561 expo-

1276 3571 1427 3658 sui.
1504 3571 1616 3657 Et
1657 3567 2093 3655 Osrhoeni
2141 3570 2365 3655 item
2401 3587 2500 3652 vt
2534 3569 2826 3654 Parthi
2872 3570 2961 3656 in
2997 3570 3489 3679 sagittando
3529 3582 3834 3667 eximii
3978 3595 3985 3600 ·

1275 3699 1673 3800 fuerunt,
1752 3700 1991 3809 quod
2024 3698 2240 3782 infra
2277 3698 2892 3783 demonstrabo
2931 3727 3044 3783 ex
3083 3700 3626 3787 Herodiano.
3673 3709 3831 3793 Vi-

1275 3830 1423 3913 έὶο
1466 3827 1799 3918 Albino
1834 3830 1946 3912 A.
1988 3826 2090 3913 C.
2144 3833 2363 3932 198.
2399 3844 2496 3910 vt
2553 3850 2719 3909 nos
2770 3828 3083 3935 docuit
3117 3828 3412 3935 Pagius
3487 3885 3513 3934 ‚
3592 3836 3835 3923 ciuili

1273 3953 1516 4037 bello
1557 3951 1830 4042 adhuc
1874 3954 2462 4064 occupabatur
2498 3949 2970 4063 Septimius
3012 3953 3379 4041 Seuerus
3406 3961 3591 4064 ‚(8)
3628 3990 3831 4054 cum

1272 4080 1572 4167 Parthi
1641 4083 2048 4168 maximis
2114 4084 2399 4191 copiis
2462 4082 2973 4168 inuaderent
3044 4080 3826 4194 Mesopotamiam.

1266 4211 1605 4298 Totam
1655 4208 1934 4298 ferme
1993 4225 2532 4326 occuparunt
2584 4260 2612 4314 ‚
2707 4210 2862 4298 vix
2909 4235 2954 4298 a
2983 4208 3257 4302 Nisibi
3291 4216 3620 4330 repulsi
3651 4224 3827 4310 vir-

3629 4367 3821 4437 tute

3466 4474 3494 4535 ἱ

1307 4695 1314 4708 ·
1430 4655 1522 4748 (7)
1570 4682 1629 4741 p.
1686 4678 1836 4744 πρ.
1881 4663 2009 4746 (ε)
2057 4651 2487 4776 xsthssinusp·
2540 4679 2692 4748 3²4·
2880 4723 2916 4748 t
