4559 5919
1278 581 1333 643 2
1349 584 1399 666 a
1418 574 1481 640 ο
1837 536 2545 648 ΗιεΤοΜΑΕ
2606 506 3374 659 οειζΗοΕΝΑΕ

1274 788 1379 849 ca
1421 783 1514 850 et
1555 762 1940 851 censura.
2072 764 2306 855 ‘Hoc
2347 761 2703 854 honore
2745 790 2909 878 per
2984 762 3321 851 multos
3381 784 3661 883 annoq
3707 760 3862 852 ‘de-

1278 891 1549 982 functi
1590 897 1705 981 ob
1740 895 2154 981 omnibus
2194 894 2694 982 muneribus
2745 894 3169 982 vacabant
3223 912 3315 1003 et
3351 890 3861 981 Excomiti-

1276 1022 1428 1107 bus
1467 1022 1799 1111 accensi
1823 1080 1849 1129 ‚
1896 1023 2434 1136 praefidatus
2465 1021 2820 1111 honore
2861 1021 3437 1133 fungebantur
3478 1042 3623 1108 aut
3666 1026 3865 1111 otio

1274 1153 1362 1236 se
1403 1154 1895 1241 tradebant.
2032 1151 2507 1263 Edefl'enae
2547 1156 2838 1244 curiae
2878 1153 3047 1238 istis
3085 1153 3181 1259 in
3215 1150 3596 1263 legibuS,
3657 1176 3864 1262 quas

1160 1344 1165 1347 -
1278 1280 1670 1392 produxi
1708 1338 1735 1390 ,
1776 1285 2126 1367 mentio
2163 1279 2295 1381 fit,
2335 1283 2680 1370 Intota
2716 1281 3177 1369 Osrhoene
3217 1283 3589 1392 quinque
3630 1282 3859 1366 curi·-

1282 1433 1370 1493 as
1411 1408 1648 1496 fuisse
1685 1409 2302 1503 Gothofredus
2343 1410 2631 1498 afferit
2673 1428 2766 1496 et
2805 1408 3047 1524 leges
3085 1412 3304 1495 citat
3347 1448 3376 1515 ,·
3437 1413 3528 1492 in
3564 1410 3868 1521 quibus

1276 1536 1508 1624 nihil
1549 1542 1986 1628 eiusmodi
2022 1542 2419 1629 inuenio,
2459 1541 2756 1640 Etiam
2811 1536 3171 1649 praedia
3211 1537 3347 1624 sua
3402 1557 3492 1622 et
3530 1539 3861 1627 manci-

1148 1720 1157 1729 -
1279 1669 1426 1777 pia
1467 1666 1866 1756 Curiales
1900 1725 1927 1777 ,
1979 1691 2078 1755 vt
2118 1670 2621 1771 muneribus
2662 1666 3143 1786 satisfacere
3185 1666 3535 1778 poffent
3579 1720 3607 1769 ‚
3682 1667 3863 1754 fine

1182 1906 1185 1909 Α
1297 1795 1672 1882 decreto
1715 1823 1824 1884 ne
1864 1800 2351 1886 alienarent
2397 1852 2422 1903 ,
2469 1816 2818 1883 cautum
2855 1794 3019 1885 fuit
3061 1822 3109 1883 a
3162 1794 3684 1887 Theodofio
3730 1796 3856 1884 Μ.

1286 1923 1509 2012 Inde
1527 1928 1979 2012 Honorius
2015 1946 2102 2011 et
2119 1924 2940 2016 TheodofiusA.A.
2976 1924 3501 2036 quiainlege
3527 1924 3861 2013 dubita-

1274 2072 1473 2151 ,tum
1494 2051 1682 2160 fuit,
1702 2058 1810 2141 A.
1838 2053 1944 2143 C.
1969 2083 2094 2163 42
2110 2085 2160 2163 3
2190 2052 2302 2140 fic
2324 2056 2827 2141 decreuere.
2846 2057 2946 2159 (6
2951 2060 2987 2160 )
3008 2048 3158 2160 Vt,
3161 2050 3597 2167 ficurialis
3601 2068 3856 2167 prae-

1276 2179 1495 2293 dium
1532 2180 1934 2268 ‘urbanum
1972 2196 2132 2268 aut
2172 2185 2558 2297 rusticum
2609 2182 2915 2270 vendat
2964 2183 3540 2295 cuiuscumque
3589 2181 3862 2271 condi·-

1279 2312 1526 2396 tionis
1564 2314 1861 2397 emtori
1872 2298 1903 2420 ᾗ
1952 2311 2176 2425 apud
2218 2309 2647 2399 Rec‘t'orem
2676 2311 3156 2424 prouinciae
3190 2310 3511 2397 idoneas
3550 2305 3864 2427 cauffas

1278 2438 1787 2526 alienationis
1859 2440 2149 2553 alleget
2192 2497 2218 2546 ,
2332 2464 2481 2527 non
2516 2436 3071 2555 peffunfforie
3120 2463 3175 2524 a
3223 2437 3511 2527 Iudice
3586 2495 3614 2547 ‚
3715 2430 3872 2555 fi’d

1282 2569 1564 2674 veriff
1560 2595 1684 2654 me
1756 2570 2300 2684 requirendas
2343 2625 2369 2674 ‚
2479 2585 2583 2656 vt
2634 2574 2761 2656 ita
2810 2567 3119 2656 demum
3163 2622 3190 2673 ‚
3302 2564 3863 2691 distrahendas

1194 2726 1201 2733 ·
1262 2694 1479 2815 poff
1441 2698 1566 2802 ff
1529 2723 1730 2785 oms
1736 2691 2240 2810 facultatem
2277 2698 2707 2813 accipiat,
2786 2700 2874 2814 st
2839 2697 3413 2784 talienatio'nis
3453 2697 3859 2804 neceffita·

1216 2860 1225 2863 ·
1278 2837 1449 2910 tem
1478 2823 2006 2937 probauerit:
2028 2824 2364 2934 infirma
2399 2830 2602 2915 enim
2640 2828 2812 2911 erit
2845 2824 3202 2911 venditio
3225 2827 3345 2940 ‚st
3312 2822 3864 2942 abaci-suerit

1254 2949 1562 3080 forma
1595 2952 1949 3067 neglecta
2018 3013 2043 3061 ,
2143 2962 2274 3042 ita
2309 2972 2411 3043 vt
2436 2961 2802 3069 pretium
2855 2967 3123 3040 emtor
3156 2958 3506 3040 amittat
3541 2970 3621 3044 et
3657 2980 3858 3041 ven-

1284 3082 1546 3168 ditor
1514 3110 1543 3165 z
1579 3081 2198 3198 cumfruffibus
2237 3078 2577 3199 illaesam
2607 3080 2892 3201 poff
2793 3086 2899 3192 ff
2896 3108 3112 3168 onem
3152 3085 3560 3199 restituat.
3609 3077 3868 3206 Quae

1128 3291 1141 3308 f
1287 3211 1605 3328 quidem
1681 3212 1787 3316 de
1815 3208 2154 3327 suturis
2205 3209 2762 3300 contrafflbus
2836 3205 3324 3328 obseruanda
3330 3204 3555 3326 sunt
3729 3218 3862 3306 At

1285 3344 1580 3429 maior
1619 3327 2035 3429 videtur
2011 3372 2101 3429 m
2140 3342 2665 3430 Osdrhoene
2710 3341 3150 3428 neceffitas
3204 3341 3491 3449 fuisse,
3566 3362 3666 3429 vt
3709 3368 3858 3428 cu·

1287 3471 1641 3556 rialihua
1690 3470 1886 3581 lege
1943 3473 2540 3557 subueniretur
2576 3528 2603 3579 ‚
2709 3473 2851 3582 qui
2893 3501 2938 3556 a
2982 3470 3498 3557 militaribus
3539 3491 3630 3558 et
3686 3498 3857 3582 po?

1291 3599 1674 3686 tentibus
1714 3600 2219 3686 hominibus
2274 3599 2819 3689 facultatibus
2869 3601 3030 3685 suis
3070 3626 3232 3709 per
3265 3602 3454 3686 vim
3497 3620 3586 3686 et
3632 3600 3860 3689 frau-

1292 3728 1498 3818 dem
1552 3732 1801 3816 exuti
1857 3729 2222 3816 fuerant.
2392 3732 2676 3849 Quare
2718 3730 3111 3839 inquiunt
3184 3729 3861 3838 Imperatores:

1277 3858 1807 3969 praeteritas
1848 3881 2052 3942 vero
2089 3858 2466 3944 emtiones
2523 3859 2605 3944 in
2656 3850 3126 3970 Osdrhoena
3153 3851 3623 3970 spicialiter
3648 3873 3856 3970 pro·

1295 3984 1559 4068 uincia
1594 3980 2053 4098 consistas,
2126 3984 2321 4070 licet
2361 4011 2468 4071 ex
2509 4000 2817 4099 tempo}
2820 4012 2862 4070 e
2899 3982 3096 4094 Iegis
3113 3971 3294 4099 sub
3304 3983 3487 4069 diuo
3523 4009 3690 4072 auo
3715 4012 3852 4073 no·-

1224 4159 1230 4164 ·
1264 4115 1408 4228 stt
1412 4137 1455 4198 0
1498 4113 2072 4228 promulgatae
2106 4114 2194 4229 s
2188 4139 2282 4199 ne
2314 4115 2719 4229 gestorum
2775 4111 3342 4222 testificatione
3391 4138 3445 4202 a
3497 4114 3864 4232 qualibet
4012 4153 4044 4168 -

3657 4253 3860 4361 'per-

1294 4500 1585 4687 ῑ-ξᾶ)
1628 4532 2052 4602 commend.
2090 4537 2166 4602 L.
2192 4539 2333 4605 ΧΠ.
2358 4541 2450 4603 tit.
2482 4551 2635 4602 ιιι.
2658 4537 2736 4600 de
2793 4536 3053 4618 praedii·
3091 4551 3155 4598 et
3212 4538 3520 4619 mancipiis
3562 4540 3862 4602 curialium

1350 4666 1366 4689 ο
1396 4636 1460 4685 2.

1882 4859 1939 4870 Α
1956 4861 1961 4866 -
