4559 5919
1112 1872 1137 1927 Χ

1308 568 1501 639 200
1588 508 1601 521 ⁶
1867 534 2572 639 HistIAE
2637 456 3452 663 QSRfflENAE-
3529 558 3548 569 “

1296 762 1492 847 ΑΥ.
1536 762 1673 861 „r.
1746 756 1899 844 10.
1981 755 2580 851 ΜΑΞΙΜΕῙ..
2639 759 2898 850 CER.
2948 722 3648 855 ‘numerator-‚Q
3727 758 3880 849 tu-

1294 887 1457 973 lius
1481 878 2022 1005 Maximimqs
2061 888 2277 997 Aug.
2318 892 2422 973 In
2457 891 2754 979 auersa
2789 889 2909 983 est
2945 908 3208 1000 caput
3244 890 3479 979 vrbis
3509 894 3880 1003 geniale:

1302 1015 1612 1105 MHT.
1689 1018 1961 1105 KOA.
2036 1018 2566 1111 EAECCA.
2609 1100 2618 1109 .

1537 1281 1739 1371 VII.
1834 1281 2292 1395 Postquam
2346 1305 2507 1394 per
2572 1278 3182 1370 Alexandrum
3230 1283 3877 1394 imperatorem

1292 1407 1687 1495 induciae
1729 1437 1925 1497 cum
1947 1418 2458 1503 Artaxerxe
2492 1412 2936 1501 Persarum
2975 1435 3183 1522 rege
3224 1433 3868 1517 conuenerunt,

1293 1558 1676 1648 quatuor
1712 1568 2149 1629 annorum
2191 1560 2368 1652 pax
2401 1541 2688 1629 secuta
2723 1541 2871 1627 est.
2954 1540 3404 1629 Chbsroes
3435 1523 3873 1629 Artaxer-

1293 1670 1433 1754 xis
1481 1667 1703 1755 filius
1751 1672 2210 1759 rebellauit
2245 1685 2289 1778 ,'
2323 1708 2332 1719 ·
2361 1696 2557 1756 eum
2596 1671 2989 1761 Romani
3037 1670 3277 1757 bello
3323 1668 3875 1760 Germanico

1297 1819 1385 1881 et
1424 1799 1848 1887 intestinis
1885 1800 3178 1910 seditionibus-occuparentur.
3213 1840 3250 1857 ··
3343 1802 3592 1917 Ergo
3632 1798 3874 1890 Gor·

1300 1926 1601 2013 dianus
1640 1932 1949 2017 tertius
1986 1985 2010 2034 ‚
2094 1930 2467 2015 orientis
2527 1931 2895 2039 pacandi
2931 1928 3206 2015 cauffa
3237 1955 3437 2015 cum
3477 1931 3873 2016 exercitu

1298 2053 1418 2139 est
1461 2059 1925 2165 profectus,
2061 2057 2322 2145 Iulius
2364 2056 2922 2167 Capitolinus
2961 2061 3099 2161 (2)
3184 2056 3294 2142 fic
3331 2056 3652 2165 habet:
3713 2073 3875 2170 per

1287 2178 1635 2290 Syriam
1658 2187 1758 2274 ,in
1778 2184 2317 2276 ’Antiochiam
2347 2188 2577 2287 venit
2613 2239 2638 2289 ‚
2717 2206 2927 2300 quae
2956 2210 3010 2273 a
3039 2181 3312 2298 Persis
3348 2190 3516 2271 iam
3550 2185 3871 2275 teneba-

1290 2324 1501 2401 tur:
1610 2315 1770 2399 illic
1768 2312 2363 2430 frequentibus
2388 2313 2734 2427 praeliis
2773 2305 3178 2427 pugniauit
3213 2329 3294 2401 et
3330 2314 3546 2399 vicit
3581 2369 3608 2420 ‚
3702 2311 3870 2403 Sa·-

1271 2457 1485 2553 pore
1558 2438 1993 2557 Persarum
2063 2471 2250 2556 rege
2295 2438 2663 2557 submoto
2739 2497 2765 2547 ‚
2896 2440 3424 2531 Antiochiam
3491 2436 3800 2554 rec'epit
3834 2496 3861 2547 ,

1274 2566 1671 2658 Carrhas
1703 2590 1952 2689 atque
1986 2571 2313 2687 Nisibin
2337 2630 2361 2678 ‚
2446 2597 2657 2687 quae
2687 2562 3578 2684 omniasubPersarum
3616 2574 3867 2682 impe·-

1283 2705 1420 2786 rio
1449 2718 1747 2792 erant:
1823 2727 1984 2790 rex
2003 2697 2200 2817 sane
2234 2694 2667 2816 Persarum
2705 2712 3026 2787 tantum
3076 2696 3590 2797 Gordianum
3616 2705 3863 2812 prin·

1286 2834 1540 2942 cipem
1577 2833 1855 2919 timuit
1886 2892 1911 2941 ,
1964 2849 2068 2919 vt
2102 2889 2129 2939 ‚
2228 2857 2414 2925 cum=
2443 2826 2880 2943 instructus
2936 2823 3113 2946 tffet
3163 2844 3246 2913 et
3275 2822 3453 2942 suis
3506 2829 3759 2940 copiis
3789 2841 3872 2914 et
3916 2879 3920 2885 -

1284 2964 1578 3072 nostris
1618 2996 1637 3050 ε
1710 2969 1965 3066 (nam
2004 2963 2146 3052 sub
2185 2962 2708 3049 Alexandro
2752 2964 3189 3050 exercitus
3230 2959 3624 3047 Romani
3666 2982 3870 3069 pars

1285 3089 1728 3182 defecerat
1761 3091 1869 3177 ad
1905 3091 2192 3176 Persas
2233 3109 2324 3176 et
2363 3087 2787 3203 praefidia
2842 3093 3247 3179 Romana
3293 3089 3379 3172 in
3440 3088 3926 3199 Mesopw„

1284 3219 1560 3303 tamia
1604 3217 2080 3331 Syriaeque
2139 3240 2396 3331 parte
2433 3221 2708 3330 aliqua
2777 3216 3387 3303 concefferant
3431 3217 3736 3326 postea
3773 3205 3866 3299 in

1280 3348 1722 3440 ditionem
1757 3350 2388 3456 barbarorum)
2458 3362 2723 3432 tamen
2755 3343 3232 3436 ciuitatibus
3270 3333 3421 3456 ips}
3450 3343 3865 3458 praesidia

1249 3469 1537 3592 sponte
1574 3475 1998 3566 deduceret
2036 3532 2062 3582 ‚
2139 3497 2443 3587 easque
2477 3478 2850 3585 integras
2858 3465 3035 3585 suis
3071 3472 3386 3562 ciuibus
3424 3472 3811 3558 redderet
3829 3503 3882 3575 ,·

1275 3607 1402 3692 ita
1444 3663 1469 3710 ‚
1548 3619 1650 3688 vt
1688 3602 1896 3691 nihil
1925 3661 1949 3710 ‚
2029 3603 2249 3719 quod
2275 3606 2389 3692 ad
2411 3627 2688 3689 eorum
2690 3596 3095 3715 fortunas
3129 3607 3651 3713 pertineret,
3725 3614 3884 3685 at·-

1272 3739 1750 3822 taminaret.
1916 3737 2150 3821 Haec
2209 3758 2392 3820 tam
2448 3735 2900 3844 praeclare
2950 3729 3164 3817 faeta
3214 3729 3860 3815 confirmantur

1236 3866 1553 3948 etiam
1589 3888 1702 3947 ex
1769 3860 2205 3952 Gordiani
2255 3865 2364 3950 ad
2417 3862 2838 3948 Senatum
2893 3859 3216 3945 litteris
3278 3911 3303 3962 ‚
3417 3862 3508 3943 in
3560 3859 3856 3968 quibus

1272 3989 1703 4084 Misitheo
1782 3990 2230 4099 praefecto
2287 4011 2377 4076 et
2415 3990 2674 4080 socro
2745 3989 3126 4098 gratiam
3164 3985 3427 4074 habet
3473 4041 3498 4091 ,
3614 3988 3855 4098 quod

1271 4117 1656 4206 confiliis
1691 4119 1869 4203 eius
1904 4143 2044 4202 res
2095 4121 2219 4204 ita
2250 4119 2778 4206 constitutae
2820 4116 3144 4200 fuerint
3184 4171 3218 4220 ‚,
3320 4133 3419 4200 vt
3474 4116 3850 4223 dignitas

1184 4229 1205 4240 ’
1269 4250 1631 4360 imperii
1686 4244 2176 4361 postularit.
2324 4244 2706 4337 Catrhas
2756 4243 3005 4333 isthic
3055 4244 3140 4332 se
3199 4244 3405 4334 dicit
3454 4245 3847 4354 imperio

3612 4376 3849 4496 'Ro-

1548 4665 1682 4752 (2)
1729 4669 1795 4731 in
1812 4668 2173 4741 Alexandro
2201 4687 2256 4733 c.
2281 4666 2411 4747 26„-
