4559 5919
2657 364 2704 415 ’κ

871 584 971 695 Ε
1027 575 1475 693 NVMIS
1540 574 2446 689 ILLVSTR'ATAE
2513 581 2757 693 Lm.
2826 584 3011 687 IV.
3094 616 3286 703 227
3412 550 3420 559 ⁹

714 835 898 928 quo
941 803 1315 897 nomine
1354 801 1535 898 alio
1578 801 1948 894 curiales
1991 802 2508 895 dicebantur
2547 860 2575 913 ,
2666 803 2990 896 relictis
3033 808 3302 920 oppi-

721 942 849 1028 dis
891 942 980 1026 in
1022 961 1290 1047 agros
1323 937 1408 1025 se
1447 937 2029 1024 conferebant
2068 993 2101 1044 ‚
2177 963 2397 1050 quos
2433 934 2967 1024 seueriffimo
3011 941 3300 1055 edicio

718 1066 1357 1175 Constantinus
1394 1066 1532 1157 M.
1604 1064 2084 1177 castigauit.
2263 1070 2458 1157 Iam
2511 1091 2711 1155 cum
2768 1066 2862 1151 in
2911 1066 3305 1152 Osrhoe-

717 1224 834 1287 ne
878 1193 1311 1282 militares
1346 1195 2047 1308 vitipriuilegiis
2084 1195 2245 1282 suis
2285 1198 2986 1302 delectarentur,
3070 1197 3309 1283 curia
3361 1286 3370 1291 ,

715 1326 1147 1416 Edess‘ena
1186 1342 1635 1438 tamquam
1677 1325 2016 1413 deserta
2046 1330 2381 1413 iaceret
2425 1383 2452 1432 ‚
2530 1326 2707 1413 hoc
2761 1325 3054 1411 edicto
3099 1350 3305 1409 mo-

718 1455 930 1546 dum
969 1454 1265 1540 statuit
1301 1452 1855 1566 Imperator.
1948 1546 1955 1555 ,
2022 1454 2697 1544 Valentinianus
2747 1451 3308 1537 Theodofius

720 1583 1147 1672 Arcadius
1218 1584 1333 1670 A.
1446 1585 1563 1671 A.
1674 1584 1790 1671 A.
1866 1580 2162 1691 legem
2210 1581 2608 1685 Valentis
2661 1580 3308 1668 confirmarunt

728 1731 824 1798 et
907 1707 1469 1823 explicarunt
1511 1694 1625 1798 Α.
1706 1712 1812 1799 C.
1865 1718 2099 1819 3842
2137 1710 2337 1820 lege
2381 1739 2624 1799 noua.
2652 1710 2762 1796 ad
2800 1711 3307 1819 Cynegium

717 1838 1261 1931 Praefectum
1300 1838 1798 1948 praetorii:
1854 1843 1995 1948 (3)
2039 1834 2175 1932 Ob
2212 1845 2647 1953 penuriam
2702 1830 3317 1928 Aedesenorum'

716 1968 1213 2080 municipum
1283 1965 1459 2051 diui
1525 1982 1916 2079 parentes
1970 1968 2222 2082 nostri
2268 1970 2822 2083 statuerunt,
2890 1977 2997 2052 vt
3033 1960 3310 2077 Officii

706 2095 1131 2213 praesides
1168 2090 1647 2187 Osdroenae
1669 2096 2149 2208 prouinciae
2175 2101 2646 2212 principum
2682 2095 2927 2182 liberi
2947 2148 2971 2197 ‚
3024 2093 3306 2207 fisim

704 2224 899 2338 guli
942 2218 1255 2342 effent5
1327 2236 1830 2311 memoratae
1901 2225 2294 2316 ciuitatis
2366 2224 2823 2313 curialibus
2880 2228 3303 2351 iungeren-

716 2369 926 2449 tur:
983 2356 1117 2468 sin
1153 2374 1353 2437 vero
1393 2352 1561 2441 bini
1596 2408 1623 2459 ‚
1663 2343 1914 2466 diuisa
1921 2348 2450 2467 fecunditate
2490 2412 2515 2463 ‚
2577 2350 2878 2499 singuli
2895 2341 3300 2455 militiae,

700 2482 1003 2598 singuli
1037 2504 1238 2569 vero
1273 2475 1587 2568 Curiae
1622 2478 2208 2572 necterentur·
2296 2481 2519 2597 quod
2544 2510 2723 2570 cum
2763 2481 2892 2566 ita
2909 2482 3032 2596 sit
3070 2532 3099 2583 ,
3173 2481 3300 2564 iu·

715 2608 995 2697 bemus
1026 2626 1109 2699 et
1132 2602 1545 2724 praesenti
1581 2609 1746 2721 lege
1780 2625 1861 2697 et
1878 2602 2317 2724 superiore
2360 2603 2713 2727 seruam
2789 2665 2816 2717 ,
2890 2620 2997 2695 vt
3038 2629 3304 2694 omnes

721 2741 1031 2827 omnino
1076 2794 1103 2845 ‚
1215 2741 1361 2853 qui
1437 2737 1719 2824 ordine
1794 2739 2135 2825 militiae
2205 2738 2323 2827 ad
2341 2734 2914 2855 principatum
2954 2737 3301 2822 venturi

692 2860 894 2983 sunt
938 2926 964 2976 ,
1042 2865 1181 2953 vel
1210 2862 1498 2983 venzffe
1537 2869 2137 2984 monstrantur,
2173 2871 2533 2987 (etiamst
2559 2858 2840 2985 aliqua
2878 2865 3296 2952 callidita-
3334 2951 3343 2958 .

719 3001 840 3084 tis
877 3010 1080 3084 arte
1092 2989 1183 3112 se
1218 3023 1274 3081 a
1303 2998 1826 3112 principatus
1880 3023 2208 3086 munere
2253 3001 2752 3113 putauerint
2803 2989 3297 3109 subtrahen-

720 3126 907 3234 dos)
948 3150 1253 3213 memor
1255 3140 1444 3210 atae
1480 3121 1790 3214 Curiae
1804 3122 1995 3239 suos
2035 3127 2330 3214 liberos
2370 3129 2720 3216 tradant
2773 3124 3332 3240 diuiduntque,

722 3251 1141 3351 Aedesena
1190 3254 1535 3403 ciuitaffe
1564 3249 1912 3369 subolem
1954 3258 2082 3342 rei
2106 3257 2480 3369 publicae
2539 3255 3139 3370 profuturam:
3213 3251 3304 3342 hi
3446 3360 3468 3386 .

720 3409 1039 3500 quoque
1115 3441 1142 3492 ‚
1221 3384 1367 3497 qui
1440 3386 1605 3470 iam
1680 3397 1979 3470 contra
2050 3385 2295 3497 legem
2336 3402 2525 3474 ante
2552 3387 3113 3499 principatum
3143 3400 3300 3498 pa-

719 3532 951 3603 trum
996 3569 1020 3618 ‚
1100 3510 1590 3625 quibuslibet
1637 3504 2189 3624 sacramentis
2264 3518 2547 3604 innexi
2572 3510 2828 3628 sunt,
2900 3539 2951 3596 r
2955 3510 3298 3623 etraci‘i,

719 3655 1218 3732 memoratae
1255 3634 1564 3727 Curiae
1600 3657 2224 3755 congregentur.
2358 3647 2805 3757 Principes
2846 3643 3066 3728 hac
3041 3669 3130 3726 m
3173 3642 3301 3728 le-

720 3800 831 3885 ge
876 3829 901 3877 ,
978 3772 1125 3884 qui
1169 3773 1258 3856 in
1304 3768 1738 3878 superiori
1764 3767 2401 3884 primipilarem
2539 3776 2967 3864 Ceterum
2992 3772 3098 3855 ad
3138 3795 3296 3856 co-

724 3898 1318 4012 gnoscendum
1361 3898 1677 3986 statum
1716 3901 2210 3987 ciuitatium
2246 3904 2754 3992 Osdroenae
2794 3907 2893 3988 iis
2933 3923 3298 4010 tempo

722 4031 950 4116 ribus
985 4084 1009 4132 ,
1102 4028 1437 4112 necefl'e
1483 4028 1601 4115 est
1645 4083 1671 4132 ,
1748 4051 1845 4116 vt
1889 4033 2326 4117 curiarum
2365 4038 2820 4119 rationem
2899 4055 3300 4142 expona-

724 4184 945 4245 mus,
1112 4154 1219 4241 Id
1292 4156 1573 4265 ipsum
1647 4156 2016 4246 Iacobus
2069 4159 2689 4249 Gothofredus
2729 4166 3059 4247 summa
3105 4159 3300 4244 dili-

722 4286 1028 4403 gentia
1106 4303 1527 4372 executus
1603 4286 1727 4373 est
1798 4294 1892 4373 in
1928 4290 2360 4381 Paratitlo
2420 4293 2530 4378 de
2582 4290 3296 4400 Decurionibus.

2140 4422 2206 4506 F
2242 4418 2295 4505 f
2351 4448 2407 4505 2
3164 4423 3324 4542 (4).

822 4695 836 4710 “
886 4703 1016 4787 (3).
1052 4709 1127 4767 ln
1171 4702 1306 4768 solo
1334 4702 1571 4769 Codice
1597 4704 2092 4775 Theodosscod.
2121 4711 2367 4779 Κακὴ.
2394 4712 2438 4769 1.
2476 4710 2552 4774 de
2592 4711 3012 4779 decurionibus
3049 4715 3122 4778 L.
3165 4725 3304 4795 105.
