4559 5919
805 551 887 654 E
968 540 1416 657 NVMIS
1480 542 2382 651 ILLVSTRATAE
2457 554 2694 657 LIB.
2760 553 2957 649 ΠΙ.
3036 586 3223 653 101

669 773 914 864 fuiffe
958 831 986 883 ‚
1057 792 1162 862 ‘vt
1204 774 1520 864 Caesar
1554 770 1976 883 Augustus
2017 796 2252 858 anno
2275 772 2470 881 post
2509 776 2599 856 in
2642 770 2985 883 Syriam
3014 801 3233 886 pro-

677 904 1239 1014 ficisceretur.
1306 904 1569 1022 Quod
1616 902 1676 988 fi
1710 906 1830 986 ita
1870 902 1985 986 est
2033 956 2078 1021 ,ἱ
2143 922 2403 1014 atque
2454 900 2515 985 fi
2562 904 3003 1008 ArsamuS,
3051 904 3232 990 Ab·
3278 906 3287 915 “

677 1036 866 1149 gari
905 1054 1161 1145 pater
1215 1085 1245 1136 2
1313 1055 1415 1117 ‘vt
1469 1031 1760 1117 Moses
1816 1029 2403 1119 Chorenensrs
2447 1033 2852 1139 testatur,
2933 1055 3239 1117 extre-

680 1188 838 1248 mo
879 1188 1112 1247 anno
1184 1159 1568 1245 Phraatis
1637 1159 1864 1243 illius
1911 1160 2385 1268 superioris
2424 1209 2451 1265 ‚
2525 1161 2669 1269 qui
2706 1162 3036 1246 Orodis
3074 1161 3236 1245 fuit

675 1288 951 1394 filius,
1026 1312 1398 1397 regnare
1437 1290 1742 1397 coepit
1787 1290 1875 1370 in
1922 1289 2407 1373 Armeniae
2462 1285 2751 1396 aliquo
2802 1289 3126 1397 angulo
3205 1339 3235 1389 ‚

676 1417 1100 1528 sequitur,
1174 1415 1634 1502 Arsamum
1677 1414 1916 1497 iniss’e
1951 1415 2547 1524 principatum
2585 1418 2694 1501 A.
2733 1420 2846 1500 V.
2875 1419 2980 1506 C.
3007 1441 3127 1522 73
3152 1444 3237 1498 2.

679 1566 770 1631 et
809 1546 1137 1629 duobus
1173 1542 1367 1652 post
1398 1542 1637 1626 annis
1689 1567 1736 1624 a
1792 1538 2166 1628 Claudio
2217 1542 2581 1625 Tiberio
2615 1543 2988 1628 Nerone
3026 1569 3240 1629 exa-

679 1677 911 1761 ctum
951 1672 1191 1756 fuiss'e
1227 1671 1649 1757 tributum
1693 1668 1794 1751 ab
1827 1670 2272 1755 Armenis.
2426 1668 2693 1754 Fuiffe
2731 1694 3028 1757 autem
3085 1673 3235 1755 ad-

677 1803 1052 1887 modum
1090 1800 1737 1886 adolescentem
1779 1795 2278 1882 Arsauirum
2318 1796 2735 1881 Parthum
2811 1803 2923 1888 A.
2969 1801 3076 1883 V.
3129 1800 3236 1887 C.

679 1951 915 2038 734.
955 1954 1152 2013 cum
1184 1927 1576 2014 Tiberius
1631 1926 2046 2011 Armenis
2101 1925 2548 2010 insultaret
2598 1978 2624 2031 ,
2698 1950 2811 2014 ex
2875 1926 3238 2013 Velleio

675 2056 1137 2144 Paterculo
1206 2062 1376 2162 (9)
1465 2056 1735 2137 etiam
1800 2051 2019 2137 mihi
2092 2052 2409 2137 videor
2456 2044 2983 2164 intelligere.
3153 2054 3244 2143 Is

678 2188 805 2270 ita
835 2187 957 2270 ait
1016 2216 1035 2270 :
1108 2177 1200 2267 C.
1244 2171 1545 2296 Caesar.
1592 2203 1771 2262 cum
1820 2201 2009 2288 rege
2051 2170 2559 2265 Parthorum
2594 2186 2889 2268 ‘iuuene
2959 2180 3235 2266 excel·

661 2315 948 2431 sffmo
986 2314 1069 2395 in
1105 2300 1397 2423 insula,
1473 2331 1714 2421 quam
1746 2310 2004 2391 amnis
2022 2304 2502 2417 Euphrates
2518 2309 2927 2394 ambiebat.
2941 2363 2969 2415 ‚
3008 2311 3233 2398 coiit.

677 2442 842 2530 Hic
877 2443 959 2527 se
997 2458 1247 2549 putat
1282 2438 1547 2524 Iustus
1582 2434 1908 2546 Lipfius
1941 2438 2418 2523 emendare
2448 2437 2881 2522 veriffime
2904 2493 2931 2545 ‚
3007 2442 3234 2529 iuue-

667 2571 805 2655 m's
842 2567 1426 2680 excelsffmus,
1500 2563 1780 2651 veluti
1821 2588 1921 2647 ea
1951 2566 2218 2651 verba
2253 2568 2357 2654 C.
2439 2565 2785 2655 Caesari
2821 2568 3240 2679 adiunge-

678 2718 1017 2784 rentur.
1099 2770 1103 2775 .
1155 2696 1243 2783 Si
1290 2690 1730 2780 Velleium
1778 2693 2076 2780 videas
2110 2745 2138 2798 ,
2235 2696 2746 2780 emendatio
2800 2694 3244 2790 videbitur

681 2826 907 2910 haud
949 2822 1246 2935 paullo
1282 2824 1800 2907 violentior.
1940 2820 2068 2910 At
2102 2876 2132 2927 ,
2207 2822 2336 2905 ille
2367 2818 2777 2909 Phraates
2847 2876 2875 2927 ‚
2957 2825 3240 2935 inquit

677 2954 1004 3065 Lipfius
1043 3007 1070 3061 ‚
1144 2977 1530 3040 annorum
1570 2963 1652 3036 et
1695 2950 1925 3060 regni
1957 2946 2416 3065 vetussuit.
2525 2952 3015 3039 Enimuero
3058 2954 3238 3042 hoc

672 3107 730 3167 a
772 3085 1018 3168 nobis
1055 3085 1145 3165 in
1186 3079 1790 3167 controuerfia
1843 3083 2233 3189 ponitur.
2398 3081 2651 3167 Inter
2686 3084 3056 3195 auspicia
3089 3084 3242 3173 illa

679 3214 966 3322 regni5
988 3236 1203 3321 quae
1244 3211 1492 3320 supra
1529 3208 1990 3314 constitui,
2067 3227 2157 3291 et
2196 3212 2312 3295 A.
2402 3211 2515 3294 V.
2584 3212 2689 3300 C.
2770 3234 2827 3317 7
2844 3234 2995 3317 57.
3073 3217 3241 3301 ini-

680 3358 924 3444 tum,
967 3365 1143 3448 quo
1180 3365 1411 3424 anno
1452 3339 1555 3427 C.
1608 3337 1922 3429 Caesar
1953 3362 2152 3422 cum
2196 3336 2354 3422 illo
2399 3338 2965 3427 excelssffimo
2996 3343 3244 3426 iuue-

680 3491 798 3551 ne
849 3467 1343 3550 collocutus
1381 3470 1495 3551 est
1558 3520 1583 3571 ‚
1653 3468 2211 3550 intercedunt
2267 3470 2474 3550 anni
2509 3489 2686 3553 tres
2723 3489 2812 3552 et
2885 3472 3236 3577 viginti.

683 3594 975 3679 Fuerit
1032 3614 1219 3678 tum
1276 3592 1546 3676 etiam
1609 3594 2176 3703 quadraginta
2227 3617 2507 3680 annos
2563 3614 2809 3679 natus
2856 3597 3183 3683 iuuenis
3202 3655 3232 3704 ‚

679 3721 1061 3844 sefluitur
1094 3723 1206 3806 A.
1241 3722 1349 3806 V.
1399 3720 1504 3807 C.
1551 3740 1776 3826 733.
1817 3744 2014 3803 cum
2053 3744 2426 3827 regnum
2472 3722 2740 3824 adiit,
2796 3750 3237 3814 annorum

676 3850 1311 3959 septemdecim
1364 3846 1630 3933 fuiffe.
1774 3848 2014 3932 Vere
2089 3848 2355 3956 igitur
2402 3904 2429 3956 ‚
2506 3869 2604 3936 vt
2642 3851 2931 3938 Moses
2987 3855 3236 3944 Cho-

677 3978 1060 4062 renenfis
1101 3977 1376 4063 refert
1441 4028 1468 4081 ,
1545 4003 1759 4086 puer
1808 3978 2286 4072 admodum
2339 4003 2633 4065 rerum
2690 3988 3033 4091 potitus
3083 3986 3231 4071 est.

677 4105 1251 4190 Patefecimus
1311 4106 1560 4188 nobis
1613 4108 1843 4190 viam
1889 4108 1995 4190 ad
2046 4105 2391 4193 Ars-ami
2425 4111 2807 4194 Armeni
2841 4128 3235 4198 aetatem
3328 4135 3346 4148 ·

675 4236 842 4319 iuis
878 4233 1428 4343 temporibus
1463 4233 2030 4336 inserendam.
2169 4232 2259 4321 Si
2296 4260 2517 4319 vero
2557 4238 2669 4321 A.
2710 4238 2817 4320 V.
2869 4241 3121 4344 C.73
3145 4266 3233 4326 2.

1850 4363 1939 4449 N
2011 4388 2059 4467 3
2450 4413 2473 4432 ·
2988 4371 3241 4475 prin-

943 4658 1165 4745 ,(9)1..
1204 4663 1288 4726 11.
1339 4675 1394 4728 e.
1437 4675 1595 4728 τοι.
1657 4627 1662 4631 ’
1793 4691 1806 4708 .
1865 4702 1874 4709 -
