4559 5919
1254 599 1397 691 ,α
1760 586 2462 727 fflsroanffl
2530 583 3297 690 osRHOENAE

1150 862 1159 867 -
1258 816 1419 903 bus
1443 838 1706 902 annus
1726 815 2058 926 primus
2082 809 2739 901 Seleucidarum
2763 830 2853 896 et
2896 834 3167 898 annus
3189 812 3493 898 mundi
3516 821 3636 922 48
3661 820 3819 921 89,

1267 942 1363 1033 Si
1399 944 1834 1030 subtrahas
1869 968 2146 1029 annos
2191 942 2294 1029 ab
2327 942 2689 1027 Adamo
2727 966 2991 1052 Vsque
3034 943 3139 1026 ad
3176 940 3822 1045 Abrahamum‚

1266 1075 1442 1159 erit
1486 1099 1759 1175 annus
1787 1071 2194 1159 Abrahae
2249 1090 2539 1174 1705.
2594 1070 2742 1180 qui
2778 1091 3357 1180 comparetur
3428 1094 3820 1155 cuman-

1271 1225 1396 1283 no
1459 1203 1759 1311 primo
1821 1198 2478 1285 Seleucidarum
2533 1252 2559 1301 ‚
2643 1197 2905 1307 plane
2941 1220 3037 1282 vt
3074 1200 3166 1280 in
3201 1200 3571 1286 Eusebio
3608 1199 3828 1283 Hie-

1272 1332 1668 1438 ronymi.
1807 1329 1976 1445 Qui
2017 1328 2127 1414 fic
2166 1346 2566 1411 accurate
2598 1326 3054 1413 Eusebium
3089 1327 3509 1438 sequitur,
3547 1326 3614 1407 is
3638 1350 3826 1410 non

1264 1481 1388 1544 ex
1425 1459 1778 1541 alterius
1801 1512 1826 1559 ‚
1906 1481 2162 1565 quam
2199 1453 2538 1542 Eusebii
2573 1457 3051 1539 ratiocinio
3095 1480 3418 1538 annum
3442 1452 3830 1539 Seleuci·-

1274 1586 1583 1670 darum
1649 1612 1840 1691 312
1918 1606 2119 1665 cum
2177 1606 2415 1664 anno
2471 1579 2878 1666 Abrahae
2943 1592 3233 1667 2016.
3275 1572 3830 1667 coniunxisse

1270 1715 1654 1798 videtur.
1855 1710 2117 1797 Nunc
2187 1728 2486 1794 autem
2533 1710 2777 1795 iuxta
2808 1709 3270 1796 Eusebium
3310 1707 3829 1819 Scaligeria-

1272 1865 1489 1926 num
1526 1841 1596 1923 is
1634 1862 1901 1924 annus
1933 1838 2340 1924 Abrahae
2382 1840 2956 1947 coniungitur
2993 1828 3192 1924 cu'm
3246 1862 3480 1922 anno
3528 1836 3834 1925 Seleu·-

1272 1970 1669 2054 cidarum
1729 1996 1843 2075 31
1875 1996 1955 2051 1.
2016 1985 2107 2052 et
2180 1988 2492 2054 tamen
2545 1984 2851 2052 reuera
2894 1969 3098 2053 anni
3151 1994 3371 2075 312.
3410 1991 3836 2052 annume-

1271 2117 1610 2183 rantur.
1758 2091 2252 2184 Secundum
2299 2095 2657 2202 Pagium
2708 2121 2974 2180 annus
3059 2118 3344 2198 2015.
3405 2093 3836 2179 conuenit

1279 2248 1484 2309 cum
1528 2247 1765 2309 anno
1811 2222 2334 2313 Seleucideo
2382 2253 2429 2329 3
2458 2251 2604 2310 10.
2645 2243 2737 2311 et
2778 2226 3203 2309 tamenin
3243 2225 3608 2315 Pontaci
3650 2221 3842 2306 edi·
3899 2332 3906 2337 .

1272 2356 1539 2438 tione
1579 2352 2139 2441 recensentur
2184 2352 2391 2434 anni
2437 2380 2484 2456 3
2513 2381 2550 2435 1
2582 2380 2662 2434 1.
2799 2353 3188 2437 Primum
3237 2352 3506 2459 igitur
3564 2375 3677 2435 ex
3709 2348 3843 2433 his

1278 2479 1624 2589 colligo
1732 2533 1759 2582 ,
1872 2478 2193 2588 aliquid
2258 2479 2459 2561 vitii
2499 2479 2781 2564 latere
2835 2481 2926 2561 in
2970 2481 3218 2562 annis
3251 2479 3573 2566 Christi
3614 2500 3845 2583 3ος..

1276 2633 1500 2719 quos
1531 2604 1938 2693 Eusebius
1975 2609 2068 2692 in
2111 2604 2472 2689 historia
2515 2604 3077 2692 ecclesiastica
3113 2607 3407 2717 posuit
3437 2660 3463 2710 ,
3553 2608 3841 2691 latere

1278 2735 1610 2846 aliquid
1648 2735 1985 2820 erroris
2021 2735 2115 2817 in
2162 2735 2537 2820 Pontaci
2582 2752 2672 2817 et
2710 2732 3137 2842 Scaligeri
3214 2735 3746 2833 editionibus
3822 2754 3848 2813 t

1278 2863 1573 2949 immo
1614 2884 1839 2966 vero
1874 2860 2505 2971 Eusebius'ipse
2542 2865 2938 2948 rationes
2974 2861 3152 2948 suas
3185 2861 3557 2948 turbasse
3593 2862 3841 2948 vide-

1285 3009 1458 3077 tur.
1596 2995 2009 3102 Apparet
2050 3015 2166 3074 ex
2206 3014 2322 3074 eo
2362 2990 2636 3075 etiam
2694 3046 2720 3095 ‚
2797 2991 3001 3101 quid
3037 2993 3128 3076 id
3174 2991 3275 3077 sit
3316 3048 3342 3098 ,
3415 2991 3652 3103 quod
3693 2977 3935 3075 ans*

1289 3121 1384 3202 ni
1426 3117 1759 3209 Christi
1803 3123 1893 3202 in
1944 3118 2316 3205 Eusebio
2362 3119 2780 3228 Scaligeri
2822 3141 3001 3204 tam
3051 3121 3306 3232 saepe
3341 3140 3876 3233 congruunt,

1287 3273 1491 3331 cum
1536 3250 1782 3333 annis
1855 3245 2270 3355 Dionysii
2305 3249 2658 3357 Exigui.
2798 3249 3316 3358 Optandum
3357 3250 3671 3358 igitur,
3747 3267 3847 3332 vt

1288 3374 1767 3487 aliquando
1837 3373 2255 3483 Dionysii
2325 3375 2943 3461 Telmarienfis
3013 3377 3513 3462 chronicon
3555 3376 3850 3485 Syria-

1298 3528 1500 3587 cum
1533 3508 1624 3588 in
1658 3505 1948 3590 lucem
2001 3521 2258 3589 exeat
2286 3557 2311 3607 ,
2347 3520 2448 3588 vt
2491 3527 2607 3589 ex
2642 3527 2753 3588 eo
2792 3504 3195 3593 Eusebius
3227 3504 3560 3591 restitui
3603 3505 3857 3591 nobis

1294 3629 1588 3742 poffit.
1728 3629 2028 3751 Quod,
2075 3636 2448 3741 opinor,
2492 3657 2679 3716 non
2719 3633 3058 3719 minori
3096 3633 3250 3720 fiet
3288 3659 3489 3720 cum
3541 3633 3851 3738 frustu,

1290 3785 1553 3869 quam
1599 3787 1797 3846 cum
1845 3761 2344 3845 Marianum
2385 3760 2754 3849 Scotum
2794 3782 2943 3846 aut
2971 3762 3852 3850 HermannumCon'-

1285 3891 1715 3993 tractum,
1788 3886 2402 3974 sincerioribus
2448 3890 2643 3980 vsos
2692 3885 3337 3996 exemplaribus
3373 3889 3853 3996 Eusebii‚in

1288 4012 1747 4100 subsidium
1778 4040 2227 4101 vocamus,
2364 4016 2491 4130 Vt
2533 4017 2902 4129 denique
2939 4041 3054 4102 ex
3089 4017 3247 4103 hac
3283 4016 3858 4106 flustuatione

1290 4163 1671 4255 portum
1719 4162 2177 4230 teneamus
2221 4160 2316 4227 et
2349 4143 2756 4257 id‚quod
2795 4146 3428 4255 inquaestione
3470 4146 3856 4256 positum

1300 4272 1416 4354 est
1442 4326 1468 4376 ,
1550 4272 2182 4359 confirmemus
2206 4328 2237 4377 ,
2318 4272 2685 4357 dicimus
2734 4273 3269 4383 Dionyfium
3301 4273 3859 4361 Telmarien·

1300 4398 1482 4482 sem
1536 4403 1908 4486 nomine
1965 4404 2321 4515 quidem
2364 4401 2806 4490 Christum
2850 4423 3155 4490 natum
3191 4405 3578 4515 prodere
3619 4427 3866 4490 anno

1294 4523 1949 4656 Seleucidarum
2030 4559 2225 4643 309
2281 4535 2536 4647 (quae
2592 4533 2997 4623 omnium
3039 4531 3610 4625 orientalium
3650 4556 3860 4642 per.-

3607 4677 3874 4751 uetu-
