4559 5919
1314 543 1512 655 3⁶0
1596 445 1617 465 ’
2129 519 2997 654 ,emmam

1436 735 1678 868 prius
1718 743 1839 834 est
1873 741 2367 855 Edess‘enis‚
2436 768 2538 836 vt
2571 746 2768 853 ille,
2845 769 3108 859 quem
3151 744 3400 857 supra
3435 743 3870 858 explicui·

1438 903 1660 966 mus».
1792 878 2135 963 Tamen
2168 877 2506 983 animus
2534 878 2832 963 noster
2887 900 3073 960 non
3128 874 3502 966 multum
3550 876 3877 965 abhor-

1362 1005 1372 1015 ’
1432 1025 1583 1093 ret
1615 1005 1763 1094 vel
1795 1007 1894 1091 ab
1936 1006 2168 1091 hisce
2208 1008 2478 1092 etiam
2517 1004 3070 1094 vindicandis
3113 990 3418 1092 nostro
3441 1005 3876 1092 institute.

1404 1136 1555 1254 ‘Et
1595 1137 1844 1221 illum
1900 1138 2288 1244 primum
2335 1135 2690 1244 quidem
2738 1133 3104 1244 Abgaro
3171 1133 3426 1222 XVI.
3499 1131 3873 1220 afferen-

1392 1265 1647 1349 -dum
1689 1265 1945 1349 duco.
2016 1263 2124 1348 In
2165 1261 2499 1348 duobus
2533 1263 2832 1348 alteris
2874 1247 3578 1371 magishaereo‚
3628 1264 3882 1373 quod

1434 1392 1700 1477 ambo
1738 1409 2118 1503 propter
2160 1414 2440 1477 annos
2472 1390 2663 1476 suos
2695 1388 3234 1476 adscrih'endi
3262 1391 3456 1479 sunt
3502 1390 3878 1500 Abgaro

1432 1515 1733 1606 XXV.
1771 1522 1974 1608 Eius
2013 1538 2312 1604 autem
2369 1522 2611 1604 numi
2649 1518 3043 1624 exstant,
3122 1544 3324 1606 eum
3359 1520 3458 1605 L.
3518 1520 3742 1603 Veri
3779 1538 3875 1605 et
3993 1553 4002 1562 ²

1428 1646 1557 1733 M.
1603 1650 1946 1734 Aurelii
1996 1648 2449 1732 Antonini
2502 1645 2940 1753 vultibus»,
3004 1650 3248 1759 quod
3296 1648 3548 1733 nobis
3607 1648 3880 1734 obiici

1426 1777 1755 1885 potest.
1891 1780 2016 1863 At
2086 1799 2271 1859 non
2314 1777 2442 1860 ita
2489 1775 2931 1863 obnoxius
2983 1777 3417 1864 Romanis
3464 1774 3608 1860 hie
3682 1775 3873 1874 Ab·

1374 1925 1679 2011 vgarus
1726 1903 1930 2010 fuit,
2018 1921 2116 1986 vt
2171 1927 2359 1985 non
2418 1927 2738 1988 numos
2784 1901 3006 1985 alios
3059 1907 3252 1990 suae
3325 1905 3598 2011 genio
3644 1904 3876 1998 vrbis

1384 2031 1760 2139 ‘fignare
1803 2035 2252 2138 integrum
2307 2030 2569 2115 fuerit
2619 2030 2846 2139 regi,
2905 2031 3003 2116 in
3050 2026 3539 2150 multorum
3592 2053 3874 2118 anno·

1376 2171 1617 2261 ‘tum
1681 2160 2218 2270 principatu.
2311 2160 2817 2271 Vtcumque
2863 2160 3053 2271 quis
3099 2159 3327 2246 haee
3386 2164 3866 2271 acceperit,

1372 2305 1765 2391 ·tamen,
1808 2288 1867 2375 fi
1904 2290 2261 2372 viueret=
2298 2288 2662 2392 Valens,
2741 2285 3012 2374 fidem
3071 2290 3253 2374 eius
3288 2288 3873 2398 appellarem,

1376 2459 1385 2468 ·
1422 2435 1549 2519 et,
1590 2436 1688 2501 vt
1732 2435 1920 2501 erat
1960 2439 2306 2525 aequus,
2387 2418 2513 2499 ita
2545 2436 2803 2500 certo
2853 2415 3067 2520 sci0,
3115 2414 3698 2502 dostiffimum
3722 2442 3874 2500 an·

1230 2601 1274 2624 ..
1360 2546 1921 2655 ·tiquarium‚
1967 2541 2542 2629 consideratis
2582 2544 3033 2648 omnibus,
3061 2544 3372 2630 saltem
3394 2541 3533 2629 hic
3593 2543 3877 2632 baefi-

1429 2687 1621 2755 tatu
1634 2699 1723 2758 ru
1739 2699 1823 2756 m
1853 2672 2055 2779 effe,
2082 2675 2368 2782 neque
2389 2674 2497 2756 ‘ad
2514 2673 2888 2758 Parthos
2910 2676 3190 2782 magis
3209 2667 3869 2798 inclinaturum,

1408 2813 1679 2909 quam
1750 2797 1858 2885 ad
1908 2791 2457 2886 Osrhoenos
2647 2802 2965 2889 Redeo
3024 2800 3134 2882 ad
3187 2803 3569 2911 primum
3620 2799 3875 2885 illum

1324 2937 1789 3037 ”numum
1838 2982 1863 3031 ,
1943 2929 2177 3011 cuius
2212 2927 2297 3015 ἐν
2357 2927 2786 3055 ‘newsum
2856 2954 2900 3011 a
2942 2949 3208 3037 tergo
3251 2929 3560 3030 tiarae,
3620 2929 3879 3017 Fide·

1418 3052 1720 3137 ualens
1758 3057 1838 3140 A
1873 3054 2271 3139 litteram
2307 3058 2536 3140 vidit
2580 3111 2606 3160 ‚
2725 3082 2985 3168 quam
3034 3057 3628 3167 spanhemius
3687 3081 3875 3159 non

1416 3183 1820 3267 senserat.
1948 3180 2039 3267 Is
2077 3183 2487 3271 Arsacias
2518 3185 2713 3269 vrbi
2755 3184 3102 3272 tribuit.
3178 3206 3342 3271 nos
3376 3188 3653 3296 ipsum
3687 3184 3877 3275 Ab-

1397 3311 1607 3420 gari
1658 3330 2001 3396 nomen
2050 3310 2778 3423 interpretamur.
2941 3311 3159 3405 ,Sed
3230 3315 3480 3428 quod
3522 3332 3726 3401 tota
3772 3316 3873 3401 in

1411 3436 1687 3524 caussa
1725 3441 2160 3527 summum
2218 3441 2396 3528 est:
2506 3440 2864 3551 quando
2920 3440 3063 3528 hic
3104 3467 3418 3529 numus
3467 3459 3873 3553 ,propter

1414 3590 1703 3653 annos
1731 3568 1922 3653 suos
1957 3568 2737 3679 tribuendus-plane
2777 3569 2900 3653 est
2920 3570 3389 3681 Vologeso
3413 3570 3526 3656 Π.
3550 3567 3866 3656 conse«

1366 3730 1375 3739 ·
1413 3715 1556 3780 rat
1591 3694 1815 3780 mihi
1852 3699 2300 3807 quisquam
2325 3720 2534 3782 cum·
2560 3696 2723 3783 illo
2745 3722 3032 3785 aeneo
3075 3698 3870 3807 alterumVOIOge-

1405 3820 1472 3905 fi
1513 3820 1761 3907 huius
1817 3842 2346 3932 argenteum
2401 3851 2520 3912 ex
2573 3827 2882 3914 museo
2937 3828 3571 3917 VaillantianO.
3652 3829 3872 3915 Non

1412 3948 1679 4037 barba
1711 3955 2129 4063 congruit
2175 4007 2201 4057 ‚
2276 3978 2463 4039 non
2498 3956 2881 4065 mystax,
2958 3982 3235 4068 neque
3274 3957 3548 4061 fronS‚
3593 3978 3871 4064 neque

1366 4079 1700 4184 -uasus,
1778 4105 1965 4164 vno
1990 4080 2278 4167 verbo
2318 4102 2570 4168 totus
2606 4083 2897 4170 vultus
2941 4081 3314 4170 diuersus
3361 4087 3506 4170 est.
3637 4087 3868 4200 Qua·

1288 4296 1293 4302 ,
1408 4229 1512 4290 re
1561 4206 2052 4315 concludo,
2101 4207 2337 4295 hunc
2388 4234 2754 4315 numum
2795 4213 2898 4298 ad
2944 4213 3172 4299 hunc
3229 4217 3608 4300 Arsacen
3683 4236 3869 4295 non

1280 4350 1283 4353 ’
1413 4338 1666 4450 posse
1701 4335 2056 4429 referri:
2130 4340 2241 4428 ad
2285 4337 2558 4435 alium
2593 4360 2696 4429 vt
2735 4344 3221 4457 pertineat,
3268 4342 3711 4455 temporis
3764 4340 3866 4424 fi-

1368 4488 1379 4499 ·
3622 4489 3872 4579 gnata
