4559 5919
883 530 970 660 Ε
1038 560 1481 667 ΝνΜιε
1553 552 2454 655 ILLVSTRATAE
2517 560 2774 661 Lm.»
2829 558 3007 661 ιν.
3098 580 3304 680 ,σγ

700 776 966 870 fione
1024 779 1243 870 fasta
1284 797 1375 867 et
1450 776 1761 866 Zirma
1797 780 2171 868 traiecto
2214 832 2245 882 ‚
2326 802 2691 875 omnem
2747 799 3056 890 agrum
3089 781 3303 893 igne

718 911 1106 995 vastauit.
1211 910 1513 995 Potuit
1550 910 1844 1017 ignem
1878 906 2056 998 late
2091 911 2393 1005 omnia
2426 905 3012 1020 populantem
3065 933 3116 991 e
3151 934 3299 994 ca-

708 1036 900 1121 stris
940 1037 1456 1147 conspicere
1493 1035 1999 1139 chosroes,
2044 1035 2444 1145 qui‚cum
2489 1061 2674 1123 non
2712 1037 3298 1123 auderetcum

713 1162 968 1253 hoste
1008 1164 1506 1275 congredi,
1587 1162 2073 1253 Seleuciam
2115 1164 2198 1247 se
2230 1166 2689 1274 proripuit
2731 1183 2848 1249 et.
2887 1189 3004 1250 ex
3036 1188 3295 1248 moe-

706 1316 927 1379 rote
961 1294 1431 1381 εοηῑτιιᾶο
1490 1293 1815 1379 morbo
1854 1288 2231 1376 deceflit.
2371 1288 2508 1381 Sic
2553 1290 3012 1400 Agathias.
3047 1293 3297 1387 ‚Tan-

711 1439 904 1505 tum
942 1422 1029 1507 in
1073 1445 1187 1504 eo
1228 1436 1502 1524 errat,
1544 1420 1783 1532 quod
1818 1422 2478 1530 imperatorem
2509 1440 2786 1507 vocat
2812 1417 3298 1529 Tiberium,

712 1565 939 1658 puto
985 1549 1277 1637 dicere
1316 1544 1683 1635 voluisse
1722 1546 2218 1637 Caesarem.
2351 1547 2589 1634 Nam
2626 1546 3031 1634 Tiberius
3066 1572 3114 1631 a
3148 1548 3295 1641 Iu.-

708 1677 934 1761 stino
980 1677 1295 1765 Caesar
1327 1678 1880 1779 renunciatus
1921 1674 2042 1761 est
2098 1726 2126 1777 ‚
2204 1675 2317 1760 A.
2397 1674 2508 1762 C.
2591 1696 2821 1784 574.
2870 1671 3297 1769 inchoata

705 1803 1194 1899 indictione
1238 1803 1542 1889 ostana
1576 1858 1602 1908 ,
1676 1801 1878 1888 VII.
1918 1803 2058 1887 die
2116 1797 2689 1910 Septembris.
2841 1800 3294 1892 Chosroes

702 1949 1012 2016 autem
1053 1956 1238 2017 non
1278 1929 1573 2016 multis
1624 1929 2049 2017 mensibus
2084 1954 2132 2013 a
2173 1947 2475 2014 morte
2532 1930 2843 2025 Iustini
2873 1929 3293 2038 superstes

712 2054 907 2143 fuit.
1034 2056 1329 2160 Bella,
1407 2050 1624 2170 quae
1661 2058 2052 2146 Romani
2101 2075 2416 2142 contra
2447 2058 2788 2166 Persam,
2861 2057 3294 2145 extremis

703 2185 1009 2272 Iustini
1043 2187 1283 2273 annis
1382 2238 1410 2290 ‚
1488 2204 1579 2271 et
1618 2184 1982 2273 Tiberio
2022 2183 2578 2294 imperatore
2617 2236 2643 2291 ‚
2725 2204 2919 2273 tum
2959 2183 3099 2268 sub
3138 2208 3286 2271 au·-
3396 2294 3405 2302 ·

708 2312 992 2430 spiciis
1017 2312 1935 2426 Mauriciigefl‘erunt‚
2014 2336 2132 2398 ex
2174 2311 2737 2424 Theophane
2801 2313 3278 2422 Byzantia,

707 2443 850 2546 (ς)
890 2441 1315 2531 Cedreno
1352 2497 1382 2548 ,
1456 2438 1818 2528 Zonara
1848 2464 1942 2526 et
1978 2442 2068 2525 in
2108 2439 2424 2552 primis
2451 2466 2570 2527 ex
2596 2438 3284 2551 ‘theophylacto
3337 2464 3344 2471 ·

708 2567 1209 2658 simocatta
1240 2570 1658 2681 cognosci
1688 2568 2063 2681 possunt.
2198 2568 2435 2658 Nam
2468 2568 2860 2674 Iustinus,
2905 2592 3219 2680 pacem
3256 2620 3286 2675 .

668 2780 675 2785 .
710 2721 931 2807 quae
969 2702 1284 2784 eratin
1331 2700 1947 2810 quinquaginta
1984 2721 2263 2783 annos
2297 2697 2943 2811 compofita,vt
2980 2696 3284 2807 paullo

715 2844 923 2907 ante
978 2826 1387 2932 diximus,
1430 2828 1671 2933 rupit
1740 2878 1770 2931 ,
1843 2828 2228 2938 septimo
2263 2849 2500 2911 anno
2531 2827 2672 2914 seu
2710 2828 2822 2913 A.
2883 2825 2990 2915 C.
3047 2848 3280 2933 573.

705 2950 1002 3040 Mifi'us
1040 2953 1159 3042 est
1197 2954 1689 3043 Marcianus
1728 2957 2195 3065 patritius3'
2228 2953 2598 3042 orientis
2635 2954 3282 3066 dux,quiaesta-

708 3097 804 3166 te
838 3101 1270 3191 vergente
1303 3081 1856 3194 Euphratem
1897 3082 2243 3172 traiecit
2284 3100 2379 3167 et
2437 3109 2552 3169 ex
2581 3080 3277 3170 Osrhoene-bar·

705 3206 968 3294 batos
1023 3209 1238 3294 nihil
1296 3209 1475 3295 tale
1526 3229 2024 3298 metuentes
2090 3208 2428 3294 inuasit.
2501 3216 2647 3315 (6)
2776 3208 2978 3296 Post
3039 3209 3278 3296 laeta

708 3334 914 3422 belli
951 3338 1418 3448 principia,
1433 3332 1882 3428 Chosroes
1915 3362 2079 3424 rex
2097 3355 2442 3422 tantam
2464 3336 2820 3422 cladem·
2842 3338 3280 3428 Romanis

710 3464 1192 3572 prouinciis
1257 3466 1554 3550 intulit
1591 3517 1618 3570 ‚
1692 3485 1793 3552 vt
1859 3463 2221 3552 Iustinus
2274 3463 2734 3551 Marciano
2797 3463 3272 3576 imperium

711 3590 1189 3701 abrogaret
1218 3611 1315 3678 et
1356 3592 1737 3677 inducias
1769 3611 2155 3703 peteret.
2303 3590 2815 3677 lastinianus
2841 3588 3276 3680 Germani

707 3716 929 3806 filius
965 3716 1185 3803 hanc
1221 3721 1807 3829 ignominiam
1838 3717 2252 3806 vlciscens
2289 3770 2316 3821 ,
2396 3737 2579 3801 tam
2617 3737 2992 3804 cruento
3017 3737 3272 3827 prae·

710 3845 838 3929 lio
873 3847 1156 3931 Persas
1189 3851 1404 3933 vicit
1450 3899 1475 3950 ,
1554 3865 1652 3931 vt
1691 3845 2135 3934 Chosroes
2175 3845 2376 3954 lege
2439 3843 2613 3928 lata
2667 3843 3275 3932 successoribus

714 3998 1023 4080 pacem
1063 3999 1260 4059 cum
1305 3974 1732 4088 Romanis
1794 3975 2312 4070 seruandam
2377 3972 2846 4060 mandarit.
3015 3975 3141 4060 At
3174 3973 3271 4057 in

710 4101 1139 4184 Armenia
1169 4102 1672 4186 Iustinianns
1707 4101 1929 4185 haud
1966 4102 2089 4185 ita
2124 4097 2415 4188 multo
2459 4097 2654 4210 post
2700 4100 2973 4184 victus
3022 4124 3068 4184 a
3107 4101 3268 4186 du·

713 4248 814 4310 ee
846 4225 1316 4311 Persarum.
1456 4226 1917 4326 Mauricius
1955 4227 2731 4338 praetorianorum
2784 4224 3268 4335 praefectus

1941 4352 2063 4441 Ll
2138 4382 2192 4437 2
3030 4353 3265 4440 aTi-

872 4650 973 4733 (ἴ)
1023 4673 1086 4734 p.
1123 4670 1274 4720 212.
1299 4651 1434 4734 seq.
1476 4655 1612 4734 (6)
1656 4651 2316 4740 Theophanespus.
