4559 5919
1309 588 1350 644 1
1378 589 1425 669 a
1444 593 1508 669 4
1796 545 2501 709 fflsromass
2538 540 3347 650 manorum..
3384 546 3397 561 ·
3528 552 3549 565 -

1299 770 1484 875 nei,
1563 770 1658 854 in
1690 794 1869 884 quo
1911 764 2254 878 Vlyfl‘es
2284 765 2680 854 cernitur
2753 814 2783 868 7
2843 761 3163 857 ,austor
3197 765 3493 876 gentis
3528 764 3855 857 Mamie
3894 798 3909 815 ⁸
3976 779 3981 784 ’

1296 896 1468 985 liae
1511 923 1712 985 cum
1755 898 2098 1010 petaso.
2152 894 2451 1014 Qualis
2485 892 2729 981 isthic
2766 892 2886 978 est
2924 893 3292 1004 petasus,
3365 896 3659 1006 quales
3679 899 3855 988 Ca-

1292 1028 1551 1113 storis
1585 1048 1677 1113 et
1713 1026 2090 1123 Pollucis
2127 1023 2439 1135 pileoli
2476 1020 2940 1134 permultis
2972 1024 3068 1111 in
3106 1024 3388 1111 nuruis
3424 1023 3644 1132 sunt,
3714 1046 3854 1115 ta·

1291 1154 1413 1240 lia
1452 1156 1557 1242 ad
1595 1154 1774 1241 hoc
1812 1174 2166 1268 tempus
2199 1142 2518 1241 Persae·
2529 1150 2868 1266 gestant
2937 1152 3253 1266 capitis
3299 1174 3850 1263 tegumenta.

1289 1276 1490 1368 Tali
1523 1286 1751 1370 tiara
1790 1285 2065 1370 etiam
2100 1306 2356 1392 reges
2388 1281 2577 1370 sunt
2616 1278 2738 1367 vsi
2776 1335 2806 1387 ,
2880 1299 2981 1368 vt
3021 1307 3071 1371 e
3111 1284 3396 1371 numis
3427 1279 3856 1371 Parthicis

1291 1428 1387 1499 et
1428 1416 2038 1500 monumentis
2063 1407 2745 1524 Persepolitanis
2798 1409 3350 1523 perspicuum
3389 1410 3536 1497 est.
3570 1409 3855 1499 Erant

1289 1526 1591 1629 autem
1650 1538 1701 1628 'e
1747 1538 1997 1654 byfl‘o
2045 1536 2327 1628 tiarae
2403 1560 2726 1625 eorum
2782 1593 2811 1645 ‚
2884 1539 3030 1647 qui
3083 1541 3429 1628 summo
3494 1535 3891 1628 honore

1290 1664 1734 1790 προεδρίας
1776 1671 2181 1780 dignati,
2257 1667 2759 1756 amicorum
2826 1668 3057 1781 regis
3101 1666 3369 1755 titulo
3406 1690 3848 1783 nuncupa·-

1205 1880 1209 1885 ,
1290 1796 1661 1904 bantur,
1741 1822 2122 1914 quorum
2176 1815 2427 1886 erant
2460 1799 2553 1885 in
2591 1798 2990 1885 exercitu
3022 1794 3847 1889 DariiCodoman·
3943 1830 3951 1836 ·

1287 1928 1387 2015 ni
1445 1948 1824 2015 numero
1876 1928 1989 2019 ad
2020 1925 2520 2041 quindecim
2550 1922 2847 2012 millia.
3048 1927 3296 2036 Ergo
3348 1925 3578 2038 apud
3605 1923 3847 2013 Iose-

1285 2051 1567 2170 phum
1604 2061 1744 2165 (6)
1778 2058 2096 2146 Darius
2128 2054 2562 2167 Hystaspis
2598 2053 2959 2164 cydarin
2987 2052 3404 2165 byffinam
3437 2048 3851 2169 §promit-

1288 2186 1405 2281 tit
1442 2208 1491 2269 e
1527 2187 1800 2273 tribus
1841 2184 2350 2274 satellitibus
2381 2184 2540 2286 illi,
2583 2183 2727 2293 qui
2756 2177 3463 2295 sapientiffimum
3480 2180 3852 2292 respon.

1278 2311 1474 2399 sum
1518 2298 1952 2405 dediffets
2043 2313 2190 2408 sic
2226 2312 2381 2404 iste
2412 2333 2760 2429 quoque
2818 2364 2847 2428 2
2923 2311 3352 2433 qui-apud
3386 2309 3849 2447 Valetium}

1288 2441 1697 2543 Flaccum
1731 2452 1872 2556 (7)
3278 2436 3285 2443 '
3422 2516 3428 2525 .

1530 2607 1894 2697 viridem
1917 2614 2257 2723 gemmis
2288 2627 2375 2702 'et
2430 2635 2617 2703 eoae
2631 2603 3279 2731 staminesyluae

1497 2728 1866 2853 subligat
1896 2758 2282 2833 extrema
2303 2750 2682 2858 patrium
2724 2749 3042 2834 ceruice
3077 2750 3414 2844 tiaram,

1288 2867 1584 3025 Color
1622 2928 1868 3020 tiaris
1909 2954 2426 3045 purpureus.
2559 2931 2962 3023 Ouidius:
3028 2938 3166 3040 (8)

1523 3086 1941 3212 Tempora
1960 3102 2418 3213 purpureis
2453 3111 2773 3186 tentant
2808 3098 3090 3188 velare
3123 3101 3409 3188 tiaris.

1280 3270 1564 3360 Erant
1638 3295 1985 3386 quoque
2024 3278 2403 3384 gemmis
2478 3277 2844 3364 distineti
2884 3330 2911 3382 ,
2987 3294 3088 3364 vt
3143 3270 3662 3363 Themistius
3697 3269 3842 3387 (9)

1279 3399 1513 3491 vidit
1543 3400 1937 3512 effigiem
1975 3401 2503 3489 Parthorum
2539 3405 2771 3513 regis
2811 3404 2900 3487 in
2939 3403 3257 3491 tabella
3297 3406 3656 3515 pistam,
3680 3431 3838 3516 ge·
3958 3515 3967 3528 ο

1280 3551 1639 3618 rentem
1709 3530 2006 3641 capite
2078 3530 2392 3617 tiaram
2436 3528 2928 3640 hyacinthis
2996 3553 3086 3622 et
3137 3534 3602 3644 smaragdis
3630 3531 3839 3620 infi-

1280 3683 1580 3767 gnem.
1715 3658 1856 3744 Ita
1891 3685 2053 3744 nos
2096 3660 2367 3747 etiam
2409 3661 2844 3748 cernimus
2881 3663 2971 3747 in
3010 3661 3835 3749 numisParthorum

1282 3805 1377 3868 et
1431 3784 2074 3873 Edeffenorum
2106 3813 2415 3897 regum
2451 3808 2543 3874 et
2580 3792 2673 3873 in
2710 3791 3309 3876 monumentis
3338 3788 3834 3900 Persepoli·

1277 3913 1536 3999 tani&
1667 3912 2109 4001 Diadema
2142 3916 2515 4031 denique
2545 3918 2965 4029 gerebant
2997 3917 3439 4005 Persarum
3479 3937 3572 4005 et
3625 3921 3843 4008 Par-⁹

1141 4121 1158 4132 ,„
1278 4039 1648 4127 thorum
1686 4065 1938 4152 reges
1973 4042 2213 4128 nudo
2248 4046 2337 4131 in
2372 4046 2775 4151 vertice·²
2842 4065 2941 4134 vt
2973 4045 3060 4131 in
3101 4046 3412 4131 numis.
3524 4046 3837 4138 Immo
3882 4063 3893 4068 “

1278 4172 1560 4257 etiam
1603 4172 1918 4259 tiaram
1949 4170 2477 4282 stringebant
2518 4175 2799 4284 apice.
2992 4172 3136 4262 De
3184 4173 3474 4263 Dario
3512 4175 3837 4265 Codoe

1275 4322 1611 4388 manno
1652 4301 1758 4424 Q.
1802 4300 2154 4393 Curtius
2222 4332 2242 4387 ε
2313 4304 2522 4410 (10)
2554 4300 2893 4416 cydarin
2932 4294 3214 4423 Persae
3248 4305 3561 4418 regium
3600 4310 3828 4420 capi-

2392 4473 2409 4482 ’
3714 4435 3832 4519 tis

1468 4556 1537 4638 6)
1581 4558 1723 4620 Ant.
1752 4566 1818 4621 In
1867 4567 1971 4625 aie.
1997 4565 2071 4626 L.
2098 4568 2212 4627 xl.
2247 4580 2380 4642 ας..
2443 4568 2522 4647 7)
2549 4569 2786 4644 Argon.
2811 4563 3010 4628 L.v1.
3034 4584 3096 4629 v.
3116 4565 3264 4643 699.
3302 4564 3366 4648 (8
3521 4569 3827 4652 tmorplr.

1285 4643 1361 4713 L.
1388 4644 1500 4712 xl.
1537 4656 1599 4705 v
1620 4646 1765 4716 181.
1800 4642 2090 4729 (9ὶοτιτ.
2115 4650 2363 4718 xxtv.
2390 4667 2449 4738 p.
2431 4649 2611 4736 406»
2672 4645 2899 4732 (ron.
2915 4650 3024 4715 m.
3051 4662 3106 4716 c
3118 4660 3177 4733 3.
