4559 5919
998 564 1088 660 ‘E
1157 544 1611 661 NVMIS
1682 551 2583 663 ILLVSTRATAE
2654 536 2890 665 ΜΒ.
2965 574 3102 665 11.
3246 590 3292 666 s
3308 615 3366 690 9

783 782 1212 873 Labienus
1250 781 1843 875 Cassianarum
1876 782 2320 896 partium,
2405 809 2520 872 ex
2556 784 3174 899 desperatione
3220 816 3359 875 re-

781 936 978 1007 rum
1014 911 1390 999 Parthos
1426 913 1942 999 concitauit.
2073 894 2240 998 Pet
2278 914 2754 1002 absentiam
2802 917 2929 1006 M.
2971 922 3359 1006 Antonii
3498 962 3505 969 ·

778 1042 1022 1147 (eum
1064 1064 1112 1123 a
1148 1040 1388 1127 bello
1423 1040 1834 1125 Parthico
1876 1065 1990 1128 ex
2046 1041 2300 1151 Syria
2349 1043 2442 1131 in
2492 1045 3018 1157 Aegyptum
3075 1047 3358 1135 Cleo-

776 1186 1034 1276 patra
1068 1166 1638 1276 abstraxerat)
1674 1169 2100 1255 Labienus
2131 1194 2332 1255 cum
2373 1171 2715 1257 Pacoro
2773 1176 3352 1287 maximisque

777 1297 1068 1405 copiis
1133 1294 1562 1380 Parthicis
1609 1296 2084 1386 Decidium
2128 1297 2453 1388 Saxam
2502 1302 2890 1385 Antonii
2960 1299 3349 1409 legatum

770 1426 988 1510 vicit
1032 1440 1122 1509 et
1159 1425 1249 1506 in
1286 1423 1699 1512 Ciliciam
1736 1449 2001 1536 vsque
2049 1429 2545 1534 persecutus
2594 1428 2702 1514 ad
2758 1449 3157 1516 mortem
3201 1436 3350 1517 ad·

773 1553 986 1661 egit.
1156 1552 1298 1638 Ex
1349 1575 1462 1635 eo
1504 1552 1877 1634 Pacorus
1921 1550 2271 1659 Syriam
2312 1555 2807 1641 vniuersam
2848 1565 3350 1668 occupauit.

770 1679 983 1769 Sola
1014 1679 1299 1787 Tyrus
1330 1682 1423 1766 in
1461 1677 1634 1765 fide
1666 1681 2296 1769 Romanorum
2334 1682 2845 1792 permansit.
2978 1686 3352 1792 Pacorus

764 1805 1176 1920 hospitio
1216 1831 1626 1918 acceptus
1662 1835 1708 1893 a
1741 1808 2156 1905 Phasaeio
2198 1863 2221 1912 ‚
2266 1809 2675 1916 persuafit
2733 1811 3085 1898 homini
3141 1814 3348 1899 sim-
3455 1921 3464 1935 ·

767 1935 981 2049 plici
1049 1992 1077 2043 ‚
1209 1956 1313 2023 vt
1349 1960 1548 2023 cum
1588 1938 2010 2045 Hyrcano
2054 1942 2143 2023 in
2178 1937 2446 2023 castra
2481 1939 2587 2025 ad
2625 1939 3346 2053 Barzapharnam

764 2063 1505 2176 proficisceretur.
1638 2066 2044 2152 Herodes
2075 2064 2418 2152 insidias
2450 2087 2907 2174 metuen8‚
2976 2073 3337 2180 nequid·

759 2218 1023 2308 quam
1077 2195 1554 2280 obtestatus
1596 2194 2098 2291 Phasaelum
2142 2195 2560 2299 fratrem,
2640 2216 2742 2280 vt
2774 2199 3203 2285 Pacorum
3247 2216 3341 2282 et

758 2324 1149 2436 quicum
1187 2348 1301 2407 eo
1343 2339 1643 2425 erant,
1727 2324 2184 2407 occideret
2222 2375 2248 2423 ‚
2329 2342 2742 2408 auertere
2799 2350 3003 2409 eum
3033 2351 3081 2408 a
3118 2352 3337 2410 con·

753 2448 957 2539 filio
993 2446 1610 2561 proficiscendi
1640 2451 1749 2533 ad
1782 2449 2154 2536 Parthos
2189 2473 2374 2535 non
2406 2454 2738 2559 potuit.
2894 2546 2898 2553 ,
2938 2451 3075 2538 Ita
3107 2457 3337 2568 Hyr-

762 2589 1023 2666 eanus
1057 2580 1299 2689 pacis
1333 2575 1828 2662 foederisue
1880 2578 2169 2689 specie
2219 2579 2642 2687 deceptus
2686 2602 2882 2665 cum
2921 2578 3333 2666 Phasaelo·

755 2704 856 2795 in
886 2708 1417 2798 Parthorum
1457 2729 1761 2792 manus
1810 2706 2248 2816 peruenit.
2456 2704 2901 2791 Plias-aelus
2949 2706 3099 2790 fibi
3156 2708 3337 2819 ipse

762 2838 952 2926 *im
985 2836 1303 2927 infert:
1347 2839 1802 2947 Hyrcanus
1835 2836 1928 2920 in
1961 2832 2331 2920 vinculis
2370 2833 2828 2945 duciturin
2863 2832 3335 2922 Parthiam.

757 2962 1143 3061 Interim
1175 2969 1258 3055 P.
1307 2965 1772 3054 Ventidius
1801 2966 2090 3053 Bafl‘us
2127 2989 2174 3046 e
2215 2958 2533 3054 Cilicia
2567 2964 3046 3050 Labienum
3096 2963 3333 3075 fuga·-

760 3101 892 3185 uit
930 3125 947 3177 ε
1018 3095 1393 3185 Parthos
1430 3091 1853 3182 auxilium
1885 3095 2271 3181 ferentes
2311 3090 2641 3177 deuicit
2681 3113 2771 3176 et
2814 3092 2923 3176 ad
2960 3091 3333 3183 Ciliciae

757 3248 1072 3341 portas
1138 3223 1751 3338 Pharnapaten
1820 3223 2135 3309 Pacori
2216 3220 2612 3330 legatum
2662 3243 2865 3307 cum
2935 3226 3339 3327 exercitu

758 3354 1204 3460 concidit,
1288 3353 1637 3466 Syriam
1674 3375 2043 3438 vacuam
2079 3350 2182 3436 ab
2217 3347 2598 3435 hostibus
2644 3350 3021 3456 recepit.
3130 3352 3331 3460 Par-

756 3483 937 3574 this
963 3482 1518 3600 Euphratem
1553 3476 2084 3592 transgreffis
2133 3533 2159 3586 ‚
2257 3482 2713 3568 Romanus
2764 3474 3019 3587 fignis
3052 3479 3330 3565 colla-

751 3614 868 3703 tis
905 3630 997 3699 et
1031 3607 1440 3697 fimitlato
1513 3628 2039 3721 opportune
2118 3622 2366 3691 metu
2404 3659 2431 3708 ‚
2510 3624 2892 3712 repente
2924 3607 3016 3688 in
3052 3606 3337 3694 fiden-

757 3761 896 3830 tes
963 3738 1194 3826 haud
1249 3739 1528 3826 dubia·
1555 3737 1912 3824 fortuna
1945 3731 2323 3823 Parthos
2358 3730 2740 3840 exsurgit
2779 3751 3161 3845 totoque
3190 3738 3327 3825 in·

646 3907 660 3924 ·
759 3889 904 3956 ter
936 3872 1389 3957 Orontem
1430 3886 1524 3955 et
1556 3864 2109 3980 Euphratem
2125 3861 2416 3974 spatio
2435 3858 2727 3945 hostes
2758 3886 3079 3973 magna
3115 3861 3329 3951 stra·

756 4024 870 4111 ge
911 3997 1371 4111 profligat.
1499 3998 1628 4087 Ea
1657 3999 1752 4083 in
1781 3993 2031 4084 clade
2065 3994 2440 4079 Pacorus
2476 3989 2844 4098 cecidit,
2917 3995 3152 4081 cuius
3182 4021 3325 4081 ca·-

756 4147 920 4238 put
953 4153 1154 4213 cum
1194 4153 1352 4236 per
1391 4129 1695 4230 vrbes,
1748 4151 1965 4239 quae
2005 4122 2544 4227 defecerant,
2570 4118 3323 4243 circumferretur,

758 4255 956 4344 solo
1023 4255 1520 4367 spectaculo
1589 4255 2031 4365 perculsae
2103 4251 2187 4337 se
2237 4250 2797 4336 dediderunt.
2927 4249 3167 4335 Nam
3211 4251 3326 4335 ob

761 4383 1296 4475 clementiae
1366 4403 1460 4469 et
1531 4380 1892 4473 iustitiae
1943 4379 2298 4467 laudem
2340 4398 2668 4488 magno
2704 4398 2913 4461 eum
2965 4373 3323 4462 honore

2157 4504 2265 4595 M
3099 4531 3320 4618 pro-
