4559 5919
900 569 984 669 Ε
1053 510 1503 668 msam
1572 556 1790 661 uz
1798 556 2472 719 VSTRATAE
2542 558 2772 669 Lm.
2844 564 2984 664 ιτ.
3090 583 3215 687 σς

662 789 1231 907 persuadeam
1305 845 1332 897 ,
1465 786 1998 882 Chronicon
2070 784 2597 876 Edefl‘enum
2632 788 2836 875 facit
2879 842 2905 893 ‚
2987 788 3235 901 quod

658 925 776 1010 A.
824 920 1481 1013 Seleucidarum
1532 948 1572 1002 1
1600 926 1754 1005 80.
1790 915 1967 1002 hoc
2006 916 2128 1000 est
2177 915 2589 1003 Abrahae
2637 948 2675 1003 r
2705 926 2751 1001 8
2776 927 2924 1025 84.
2955 921 3234 1007 Edes-

656 1051 962 1141 senum
996 1072 1370 1158 regnum
1440 1045 1831 1159 coepiffe
1883 1045 2246 1129 testatur
2320 1070 2340 1123 t
2441 1067 2539 1132 vt
2578 1047 2799 1134 mihi
2836 1050 3226 1150 videtur,

664 1181 774 1266 ab
813 1179 1217 1287 auspiciis
1251 1176 1606 1262 huiusce
1642 1176 1905 1263 Abdi.
2037 1174 2276 1261 Nam
2308 1172 2708 1286 frequens
2744 1176 2921 1260 hoc
2955 1179 3103 1281 est,
3134 1196 3230 1260 vt

662 1308 1000 1395 diuersa
1050 1330 1543 1414 regnorum
1597 1307 1854 1391 initia
1899 1303 2530 1412 confignentur
2586 1329 2634 1389 a
2693 1306 3048 1391 diuersis
3089 1329 3233 1388 re-

659 1435 932 1544 gibus.
1148 1432 1323 1522 Sed
1363 1458 1799 1544 ponamus
1844 1487 1870 1538 ‚
1946 1456 2181 1515 anno
2264 1432 2677 1518 Abrahae
2726 1436 3091 1520 ineunte
3131 1458 3231 1518 v·-

662 1584 1071 1675 trumque
1108 1561 1277 1648 esse
1315 1564 1843 1671 auspicatum
1885 1584 1905 1635 t
1983 1558 2207 1645 nihil
2242 1563 2481 1644 enim
2506 1565 3063 1673 magnopere
3088 1586 3235 1646 ac·

664 1694 1109 1809 curationi
1146 1690 1495 1779 nostrae
1535 1717 1637 1775 ea
1673 1690 1817 1776 via
1852 1689 2251 1795 decedit,
2336 1708 2427 1775 et
2471 1690 2825 1779 definiri
2857 1718 2997 1775 res
3035 1693 3158 1775 ita
3199 1745 3230 1795 ‚

660 1839 761 1907 vt
805 1822 984 1906 dies
1022 1822 1272 1904 nobis
1306 1822 1397 1904 in
1432 1820 1771 1906 calculo
1825 1820 2238 1904 excidant
2291 1817 2507 1904 nulli
2568 1877 2593 1928 ‚
2701 1849 2864 1934 per
2900 1847 3238 1907 monn-2

664 1972 1183 2036 mentorum
1226 1952 1631 2061 inopiam
1672 1976 1853 2034 non
1896 1953 2218 2060 potest.
2353 1949 2653 2036 Abdus
2691 1953 2942 2036 initia
2975 1952 3236 2060 regni

666 2103 855 2163 non
896 2083 1040 2166 diu
1075 2081 1370 2194 quieta
1405 2077 1732 2163 habuit.
1867 2080 2098 2168 Nam
2138 2079 2642 2166 Antiochus
2679 2081 3072 2185 SideteS‚
3128 2102 3232 2165 vt

659 2208 1031 2309 Parthos
1070 2210 1562 2322 perniciem
1600 2207 1754 2292 fibi
1793 2208 2282 2302 molientes
2316 2211 2407 2295 vi
2448 2228 2540 2294 et
2577 2213 2837 2295 armis
2857 2234 3232 2295 coerce·

650 2358 803 2423 fret
900 2396 927 2445 ‚
1085 2341 1371 2449 copiis
1401 2341 1491 2422 in
1528 2361 1802 2423 vnum
1838 2340 2208 2442 coactu,
2286 2362 2523 2421 anno
2567 2328 3230 2423 Seleucidarum

670 2493 709 2550 1
738 2477 784 2550 8
809 2497 889 2551 2.
946 2469 1236 2584 mouit
1272 2468 1364 2551 in
1402 2465 2192 2582 Megopotamiam.
2325 2463 2820 2553 Aduenienti
2859 2523 2886 2574 ,
2979 2485 3081 2552 vt
3109 2469 3230 2558 ait

655 2594 1067 2704 Iustinus,
1147 2601 1287 2705 (4)
1324 2593 1562 2681 multi
1595 2591 2030 2679 orientales
2078 2616 2311 2703 reges
2347 2602 2841 2703 occurrere,
2880 2594 3229 2681 traden-

659 2736 786 2809 tes
800 2715 893 2841 se
930 2749 1338 2843 regnaque
1348 2715 1501 2841 fita
1554 2746 1734 2830 cum
1770 2723 2298 2809 execratione
2307 2712 2921 2836 superbiaePar
2937 2723 3227 2810 thicae:

658 2876 797 2939 nec
872 2879 1106 2943 mora
1178 2853 1687 2966 congreffioni
1727 2845 1915 2966 suit
1970 2884 1990 2939 ε
2063 2848 2533 2938 Antiochus
2569 2854 2845 2941 tribus
2874 2849 3228 2967 praeliis
3317 2872 3327 2879 “

657 2980 979 3093 victor,
1059 3012 1239 3073 cum
1280 2982 1760 3100 Babylonem
1798 2976 2237 3097 occupaffet
2260 3037 2288 3088 ,
2368 3008 2705 3096 magnus
2738 2983 3234 3070 haber-icoc«

642 3113 839 3226 pit:
923 3119 1206 3231 itaque
1275 3112 1634 3200 omnibus
1710 3112 1824 3198 ad
1852 3137 2025 3197 eum
2052 3111 2375 3227 populis
2424 3112 3007 3220 deficientibus,
3030 3110 3240 3200 nihil

655 3237 1000 3329 Parthis
1040 3245 1372 3360 reliqui,
1438 3254 1790 3354 praeter
1814 3241 2145 3354 patrios
2161 3233 2629 3357 fines‚suit.
2759 3244 2867 3331 In
2910 3268 3229 3330 eorum

658 3397 1036 3460 numero
1071 3399 1386 3488 regum
1421 3373 1778 3470 Abdum
1813 3397 2160 3490 quoque
2193 3369 2429 3462 fuisse
2468 3373 2809 3459 neceffe
2866 3375 2983 3460 est
3021 3399 3040 3452 τ
3133 3389 3226 3457 et

659 3502 1106 3586 tradidiffe
1144 3506 1313 3590 sese
1354 3503 1495 3586 sub
1532 3527 1841 3589 vetem
1880 3505 2088 3589 anni
2135 3531 2173 3586 1
2203 3508 2353 3586 82·
2380 3501 3033 3591 Seleucidarum
3056 3501 3226 3609 ‚O-

656 3626 1132 3739 lympiadis
1170 3631 1534 3722 CLXII.
1580 3658 1664 3712 2.
1704 3705 1719 3714 s
1798 3632 2032 3715 Nam
2086 3631 2647 3716 Antiochum
2697 3662 2744 3719 e
2784 3629 3035 3741 Syria
3068 3654 3226 3717 ex-

659 3758 1255 3868 peditionem·
1300 3756 1584 3845 secisse
1638 3781 1798 3869 per
1857 3755 2359 3870 superiores
2406 3761 2882 3872 Euphratis
2916 3749 3256 3872 regio-'

663 3912 860 3990 nes,
941 3889 1032 3973 in
1075 3891 1371 4001 quibus
1406 3887 1716 3975 Edessa
1752 3884 1908 3971 suit
1974 3933 1999 3991 ‚-
2081 3889 2393 3999 etipsa
2428 3892 2801 4000 gerendi
2838 3889 3048 3977 belli
3083 3916 3224 3976 ra-

659 4018 794 4101 tio
836 4018 1260 4126 postulat,
1336 4045 1447 4103 ne
1480 4017 1540 4101 s1
1571 4015 1995 4102 inferiora
2036 4017 2757 4131 Mesopotamiae
2796 4024 3222 4134 petiisset,

664 4145 1155 4231 excurfioni
1186 4147 1721 4234 Parthorum
1777 4142 2121 4255 Syriam
2167 4175 2216 4234 a
2286 4169 2551 4258 tergo
2629 4176 2998 4237 omnem
3065 4178 3225 4236 nu-

532 4300 540 4308 ·
662 4275 959 4384 daret,
1042 4296 1133 4362 et
1173 4274 1692 4363 testimonio
1730 4276 1848 4362 est
1885 4273 2325 4389 praelium
2368 4285 2568 4364 cum
2607 4279 2983 4366 Indathe
3022 4280 3226 4366 Par·

1222 4421 1231 4425 ·
2072 4404 2121 4490 Ι
2853 4449 2866 4456 ·
3006 4408 3219 4497 tho-
3295 4447 3298 4448 f

827 4702 933 4786 (4)
1019 4705 1481 4769 1..xxxv1n.
1512 4722 1616 4772 10.
