4559 5919
755 555 837 650 Ε
908 551 1350 650 NVMIS
1437 546 2348 650 rzLVsTRATAE
2418 548 2652 650 Lm·
2739 549 2849 647 V.
3015 592 3064 673 a
3087 587 3210 677 η

632 793 899 879 errat,
940 780 1151 880 (10)
1192 801 1389 859 cum
1424 800 1471 858 a
1500 768 2054 881 Geigremicho
2090 765 2596 858 redemtum
2646 772 2938 856 scribit
2976 846 3003 883 ‚
3075 779 3222 888 qui

627 925 818 990 tum
856 905 1209 1013 quidem
1241 907 1545 988 viuere
1584 905 1765 985 iam
1818 899 2215 986 deflerat.
2423 899 2852 987 Ceterum
2897 921 2986 985 et
3039 905 3246 1013 ipse„

628 1051 716 1118 et
760 1031 1240 1115 Villermus
1272 1032 1590 1138 Tyrius
1628 1036 1769 1135 (1)
1804 1051 2189 1132 narrant,
2214 1027 2756 1128 'loscelinum
2799 1054 2971 1139 pro
3016 1033 3217 1118 red-

628 1159 996 1243 imendo
1072 1157 1503 1244 Balduino
1579 1161 1959 1268 vndique
2017 1155 2618 1268 conquifiuiffe
2682 1158 3048 1267 stipem,
3114 1157 3224 1247 ad

628 1309 987 1370 centum
1027 1286 1299 1370 millia
1334 1287 1975 1394 Byzantiorum
2032 1341 2058 1389 ‚
2138 1277 2501 1396 eamque
2543 1285 2966 1369 summam
3022 1311 3223 1374 cum

634 1414 1061 1498 obfidibus
1134 1415 1715 1500 transmififl‘e.
1854 1415 2123 1504 Redit
2178 1416 2645 1502 Balduinus
2715 1416 3052 1504 Comes
3103 1420 3220 1504 A.

629 1540 734 1632 G.
805 1571 843 1624 1
874 1571 1091 1647 109.
1134 1547 1450 1628 ostano
1513 1569 1749 1628 anno
1789 1545 2039 1652 regni
2077 1542 2482 1626 Baldumi
2534 1594 2559 1643 ‚
2637 1564 2734 1626 vt
2774 1543 3254 1629 AlbertUS..

623 1671 789 1756 Hic
833 1675 1181 1756 ostanus
1214 1697 1482 1758 annus
1518 1694 1716 1756 cum
1754 1673 1867 1756 A.
1917 1670 2024 1757 C.
2072 1698 2111 1751 1
2143 1697 2363 1775 109.
2409 1694 2595 1751 non
2643 1674 3120 1778 conuenit,
3168 1697 3221 1757 a

625 1822 1185 1908 quocumque
1246 1802 1398 1883 -die
1472 1798 2011 1907 principium
2090 1802 2346 1905 regni
2423 1798 2700 1882 ducas.
2834 1801 3217 1886 Videtur

623 1926 895 2033 igitur
928 1948 1070 2007 aut
1113 1929 1225 2009 A.
1264 1927 1368 2014 C.
1430 1956 1466 2007 1
1498 1934 1712 2010 108.
1762 1944 2182 2029 exeunte,
2222 1945 2367 2009 aut
2409 1924 2597 2032 ipso
2634 1927 2724 2009 in
2761 1929 3217 2037 principio

625 2053 737 2137 A.
779 2054 883 2140 C.
935 2081 971 2132 1
1002 2081 1219 2156 109·
1262 2055 1353 2134 in
1409 2052 1916 2136 libertatem
1956 2053 2329 2137 rediisse.
2435 2052 2790 2138 Obfides
2827 2055 3217 2165 quodam

629 2180 718 2274 in
761 2179 1116 2264 castello
1154 2181 1548 2264 custodes
1593 2181 1731 2263 seu
1769 2180 2084 2296 somno
2129 2178 2267 2262 seu
2309 2179 2521 2263 vino
2565 2179 2703 2265 seu
2741 2180 3034 2294 aliquo
3071 2208 3215 2268 ca-

626 2306 712 2390 su
748 2329 1161 2416 granatos
1196 2311 1708 2394 occiderunt
1745 2327 1838 2394 et
1878 2307 2194 2395 reuerfi
2218 2306 2406 2391 sunt
2447 2308 2557 2393 ad
2593 2307 2811 2395 suos,

875 2569 1127 2656 XVI.
1204 2569 1640 2657 Balduino
1686 2594 1734 2656 e
1775 2570 2302 2683 captiuitate
2374 2568 2778 2657 redeunti
2829 2558 3220 2655 Tancress

631 2696 779 2780 dus
812 2697 1335 2782 Edessenum
1379 2703 1909 2784 comitatum
1947 2702 2402 2785 restituere
2484 2699 2769 2782 noluit
2807 2752 2837 2804 .‚
2919 2700 3214 2782 donec.

630 2847 877 2907 metu
934 2827 1428 2935 compulsus
1506 2826 1767 2911 ceffit.
1913 2830 2050 2932 (2)
2117 2830 2365 2938 Ergo
2415 2825 2880 2914 Balduinus
2932 2828 3215 2930 etlo-

488 3056 523 3077 ἢ
625 2950 984 3039 scelinus
1023 2955 1130 3039 ad
1176 2956 1790 3040 vindicandam
1830 2958 2239 3041 iniuriam
2281 2953 2591 3060 armi5‚
2627 2956 2816 3057 suos
2858 2974 3214 3064 parant:

627 3099 716 3163 et
756 3082 1227 3166 loscelinus
1300 3085 1655 3191 quidem
1728 3085 2120 3168 evicino
2193 3080 2535 3168 castella
2584 3085 3217 3168 Tancredive-
3300 3070 3310 3081 ’

624 3210 917 3292 xabat.
1050 3208 1520 3295 Balduinus
1556 3234 1780 3294 vero
1819 3215 2298 3295 contrastis
2339 3210 2624 3317 copiis
2663 3237 2857 3294 cum
2921 3211 3217 3295 losce-

629 3332 820 3419 lino
862 3335 1127 3421 castra
1201 3320 1668 3445 coniungi't
1720 3391 1744 3439 ‚
1819 3339 1908 3419 in
1962 3339 2260 3449 quibus
2302 3334 2532 3421 hunc
2575 3342 2847 3422 etiam
2888 3338 3215 3421 Turca·

628 3487 826 3544 rum
865 3464 1235 3547 habuisse
1281 3464 1598 3549 auxilia
1639 3463 2116 3550 Villermus
2156 3485 2849 3549 commemorat.
2957 3468 3219 3552 Prae-

630 3587 757 3671 lio
795 3590 1263 3674 commisso
1304 3594 1540 3677 vieti.
1671 3592 2137 3678 Balduinus
2166 3595 2663 3702 Tuluppam
2708 3594 3211 3703 serecepit,

534 3794 547 3807 ..
622 3716 1468 3830 loscelinusgffugit.
1612 3719 2008 3807 Cruenta
2077 3742 2374 3805 tamen
2423 3721 2887 3805 Tancredo
2927 3724 3216 3807 vieto-

628 3848 755 3929 ria
795 3850 1231 3955 contigit,
1310 3850 1813 3959 quingentis
1858 3848 2390 3934 de‘fider'atis.
2483 3848 2658 3934 Vbi
2691 3848 3218 3936 Balduinum

624 3974 1121 4058 Tancredus
1192 3979 1279 4060 in
1328 3977 1735 4085 Tuluppa
1792 3977 2062 4062 etiam
2125 3977 2461 4061 obsedit
2534 4030 2559 4079 ‚
2652 3978 3129 4062 loscelinus
3168 4004 3220 4065 a

630 4101 921 4187 nescio
974 4129 1147 4213 quo
1187 4106 1563 4223 Emito,
1636 4130 1839 4190 nam
1877 4108 2293 4195 Albertus
2359 4131 2832 4219 perperam
2884 4109 3216 4193 iterum

3023 4235 3211 4320 edi-

678 4460 3216 4506 Ἣ

602 4614 652 4686 f
911 4520 1073 4601 (ιο)
1125 4525 1382 4607 p.353.(
1411 4525 1471 4605 1)
1512 4538 1768 4604 p.799.
1820 4523 1950 4604 (2)
1995 4502 2320 4589 villermus
2353 4542 2411 4604 p.
2451 4530 2596 4600 800.
2628 4527 2914 4589 Albertus
2966 4524 3225 4609 Aqusnfi
