4559 5919
965 494 1570 685 21³1qu
1638 502 2549 619 ILLVSTRATAE
2605 516 2843 624 1:13.
2929 520 3073 624 11.
3178 539 3307 631 δι’

709 728 982 846 spicia
1020 741 1134 824 A.
1219 762 1259 820 1
1279 738 1402 843 9‘5
1419 765 1508 844 9.
1553 761 1602 821 a
1670 735 2150 823 Februario
2200 736 2552 825 Iuliano
2588 743 2702 828 A.
2738 742 2826 828 P.
2861 742 2933 830 Ι.
2977 753 3114 853 46
3127 772 3173 852 5
3193 771 3285 853 7.

691 870 1224 973 repetimus.
1299 866 1464 948 Hic
1501 862 1852 981 est'ille,
1880 890 2140 975 quem
2180 867 2281 948 ab
2319 865 2641 961 infidiis
2675 870 2987 956 Craffo
3028 901 3284 960 com-

595 995 600 1001 ’
707 998 1040 1104 paratis
1076 996 1590 1100 cognbuere
1631 994 2025 1081 Romani
2110 1050 2137 1098 ,
2220 1019 2549 1104 magno
2589 996 2736 1081 suo
2782 1000 3057 1084 malo.
3073 1003 3277 1091 Sex.

700 1116 973 1210 Rufus
1010 1146 1211 1203 eum
1245 1138 1511 1203 vocat
1544 1116 1977 1229 Abgarum
2016 1117 2565 1230 tramsugam.
2605 1128 2753 1233 Ap
2766 1152 3070 1232 planus
3090 1185 3117 1234 ‚
3146 1138 3285 1235 (2)

679 1246 1105 1357 Ἀνιξαεον
1141 1238 1619 1393 Φύλαρχον
1655 1242 2019 1363 Αράξων.
2109 1247 2301 1332 Dio
2340 1248 2412 1334 C
2426 1249 2660 1333 affius
2685 1257 2867 1356 ‚(3)
2908 1282 3016 1363 με
3003 1251 3287 1368 'vas-w

689 1366 792 1459 δὲ
835 1366 1176 1521 durus&
1222 1362 1623 1486 Αὕγαρος
1660 1371 1695 1458 ὁ
1741 1365 2708 1490 ΟξξοηνοςέΛυμῆνατο,
2778 1368 3283 1486 ἔνσπονδος

688 1498 886 1620 ’γὰρ
929 1524 1024 1583 το
1044 1530 1107 1599 ις
1145 1495 1540 1612 Ρωμαίοις
1566 1498 1739 1586 ἐπῖ
1791 1500 1909 1585 τῦ
1948 1501 2422 1612 Πομπηῐε
2492 1504 3273 1617 γενόμενοςκοίνθά-

686 1632 879 1710 λετο
917 1618 1030 1710 τοὶ
1063 1652 1166 1710 τε
1121 1622 1621 1743 Νβαρὲάθε,
1701 1628 2063 1710 maxime
2093 1640 2363 1709 autem
2410 1650 2540 1711 eos
2574 1633 2920 1743 adflixit
2966 1631 3262 1745 Auga-

582 1754 587 1758 ’
683 1776 837 1838 rus
875 1752 1408 1859 Orrhoenus,
1474 1751 1750 1860 foeder
1751 1768 1944 1837 atus
1977 1757 2183 1838 enim
2236 1750 2665 1863 Romanis,
2702 1753 3076 1869 Pompeio
3125 1790 3269 1852 res

671 1895 1012 1991 gerente
1051 1935 1079 1986 ,
1156 1904 1357 1966 nunc
1396 1877 1751 1965 barbari
1776 1895 2074 1993 partes
2098 1882 2539 1993 praetulit.
2675 1887 2759 1970 A
2767 1910 2825 1993 p
2831 1912 3133 1995 pianus
3163 1893 3261 1979 in

675 2012 1061 2095 eandem
1106 2008 1690 2113 sententiam,
1771 2010 2224 2153 Abgarum
2269 2009 2683 2095 dolosum
2721 2031 2812 2096 et
2869 2016 3263 2107 lubricae-

679 2136 894 2223 fidei
929 2134 1219 2222 virum
1243 2193 1270 2242 ,
1348 2153 1651 2221 tantae
1684 2135 1914 2220 cladi
1951 2138 2443 2224 maximum
2493 2161 3067 2227 momentum
3111 2166 3255 2232 at·-

674 2265 976 2352 tuliffe
994 2265 1369 2350 scribens
1389 2319 1416 2368 ,
1497 2264 1660 2348 ait.
1734 2262 1993 2347 τῧτον
2026 2249 2350 2384 ᾔδεσαν
2381 2253 2555 2350 ἔνιοι
2590 2291 2754 2350 των
2786 2268 3241 2385 Πομπηίῳ

523 2478 528 2483 ,
670 2390 1274 2505 συςᾱατευομέ
1278 2418 1428 2477 νων
1483 2365 2161 2477 ἀπολάυσαντσί
2223 2413 2305 2475 τι
2377 2414 2537 2495 της
2601 2384 2855 2485 ἐκείνε
2930 2387 3247 2502 Φιλαγ.

665 2514 1082 2636 ἓξωτιτίας
1123 2524 1180 2633 ᾖ,
1250 2509 1629 2622 δόξαντα
1682 2496 2356 2633 Φιλοξωμαῖον
2293 2517 2482 2634 εἰνοᾳ
2518 2574 2543 2623 ,
2613 2515 2820 2602 hunc
2868 2524 3244 2611 memine-

667 2661 876 2737 rant
946 2646 1273 2760 quidam
1309 2668 1424 2729 ex
1458 2648 1568 2727 iis
1623 2699 1647 2749 ,
1730 2649 1871 2755 qui
1921 2668 2097 2725 cum
2151 2639 2522 2753 Pompeio
2561 2644 3130 2734 militauerant
3201 2705 3230 2757 ,

665 2770 1023 2885 Pompeii
1059 2772 1601 2858 beneuolentia
1657 2772 1792 2854 vti
1823 2784 1904 2854 et
1932 2773 2283 2859 amicum
2318 2768 2874 2858 Romanorum
2910 2772 3231 2864 haberi.

663 2906 1082 2997 Erratum
1149 2903 1240 2987 in
1290 2901 1659 2988 nomine
1694 2899 1840 2985 est.
2041 2898 2496 3008 Abgarum
2541 2898 2792 2988 istum
2846 2905 3238 2994 Romani

515 3029 520 3036 “
662 3051 1106 3119 nouerant
1150 3056 1264 3117 ex
1298 3031 1602 3139 Magni
1641 3032 1891 3131 aeds,
1972 3052 2187 3138 quae
2230 3027 2339 3111 ad
2368 3028 2623 3114 Plinii
2676 3055 2944 3140 vsque
2986 3054 3227 3118 aeta-

659 3179 854 3246 tem
888 3159 1411 3268 legebantur
1446 3161 1798 3247 Romae
1888 3210 1913 3259 ‚
2028 3156 2361 3266 idcitco
2415 3179 2617 3239 eum
2655 3157 2931 3266 ipsum
2970 3182 3223 3270 puta-

657 3307 867 3376 tunt
906 3288 1121 3394 effe,
1200 3288 1346 3398 qui
1388 3286 1782 3376 Crass‘um
1816 3286 1908 3367 in
1941 3279 2305 3392 laqueos
2358 3282 2733 3366 induxit.
2904 3288 3223 3397 Neque

656 3416 811 3500 ille
847 3416 1006 3498 fuit
1045 3440 1304 3501 error
1340 3413 1723 3499 militum
1762 3416 2438 3514 Romanorum,
2520 3412 2666 3519 qui
2704 3436 2898 3495 cum
2926 3414 3216 3502 Caffio

656 3543 1079 3651 Longino
1181 3541 1636 3652 quaestore
1710 3539 2240 3627 Craffianam
2316 3538 2657 3623 cladem
2730 3541 3213 3630 euaserunt.

658 3673 1024 3760 Exstant
1066 3671 1307 3753 enim
1362 3669 1555 3753 veri
1590 3666 1978 3750 nominis
2016 3664 2379 3770 vestigia
2434 3717 2459 3766 ‚
2535 3664 2624 3745 in
2682 3664 2978 3771 quibus
3015 3669 3212 3756 Ma-

659 3825 871 3886 num
910 3796 1566 3906 cognoscamus,
1769 3792 1876 3878 In
1927 3788 2400 3879 Plutarcho
2462 3783 2926 3908 Φύλαρχος
2981 3795 3208 3909 Apo(-

656 3931 874 4048 βων,
937 3926 1397 4072 Αςιάμνης
1430 3926 1770 4012 dicitur.
1903 3921 2043 4007 Ex
2079 3945 2191 4003 eo
2232 3937 2456 4030 puto
2518 3917 2875 4009 Suidas·
2950 3920 3202 4038 Λριοί-

649 4082 874 4170 μνης
907 4038 1179 4165 ὄνομα
1213 4046 1508 4163 κύριον.
1618 4065 1622 4074 ’
1710 4052 1910 4137 Hoc
1944 4045 2391 4135 Ariamnes
2435 4050 2855 4157 proxime
2895 4051 3121 4135 abest
3157 4077 3206 4138 a

652 4179 901 4271 Mani
933 4181 1329 4267 nomine
1460 4183 1737 4267 Forte
1775 4178 2018 4266 enim
2053 4179 2319 4289 apud
2332 4173 2887 4264 Plutarchum
2941 4169 3206 4287 Agmi-

2059 4305 2134 4390 L
2981 4332 3204 4419 μνης

918 4613 1017 4700 (2)
1043 4634 1106 4699 Ρ·
1147 4628 1298 4696 ²29·
1339 4609 1448 4695 (³)
1489 4617 1715 4694 μεθ’·
