4559 5919
1311 585 1352 644 1
1381 585 1421 643 1
1447 582 1498 641 2
1839 542 2567 667 „HISTORIAE
2637 543 3411 652 OSRHOENAE

1296 772 1439 876 (1)
1477 767 1645 857 Cn.
1693 761 2016 855 Sentio
2061 762 2541 855 Saturnino
2580 768 2675 853 in
2716 761 2979 878 Syria
3032 763 3409 852 succeffit
3429 790 3876 880 proprae-
3914 790 3925 819 ·

1300 899 1479 1001 seza,
1564 897 1926 980 circiter
1963 899 2078 984 A.
2108 897 2757 1007 Dionyfianum
2804 882 3093 983 22'.A.
3156 897 3265 985 C.
3344 924 3506 1004 33.
3601 900 3711 985 A.
3757 901 3872 984 V.
3955 924 3963 932 ’

1292 1029 1402 1118 C.
1446 1034 1676 1132 786.
1740 1028 1927 1110 vita
1968 1024 2412 1111 defundtus
2452 1027 2532 1110 in
2555 1037 3134 1139 propraetura
3166 1019 3525 1130 Syriae,
3580 1045 3679 1110 vt
3697 1029 3872 1112 Ta-

1291 1157 1521 1242 citus
1556 1170 1825 1239 vocat
1866 1207 1892 1256 ‚
1969 1140 2710 1257 (2)'succefl‘orem
2744 1152 3156 1239 habuitL.
3217 1149 3687 1238 Vitellium
3752 1159 3873 1244 A.

1292 1280 1705 1385 Vitellii,
1781 1282 1927 1393 qui
1953 1274 2269 1393 'postea
2304 1283 2787 1397 imperauit
2812 1337 2841 1387 ‚
2918 1302 3299 1394 patrem.
3435 1281 3874 1391 Proprae-

1291 1411 1422 1498 ses
1461 1429 1811 1496 tantum
1853 1408 2011 1496 fuit
2083 1465 2111 1518 ,
2180 1411 2422 1523 quod
2511 1412 3005 1522 praesidum
3061 1413 3730 1527 dignitaspenes
3782 1438 3873 1496 a·

1289 1537 1469 1628 iios
1501 1539 1591 1622 in
1625 1539 1840 1625 vrbe
1879 1538 2117 1623 effet.
2247 1539 2353 1625 In
2392 1536 2519 1622 his
2556 1539 2716 1622 suit
2767 1538 3074 1624 Aelius
3111 1540 3413 1623 Lamia
3438 1592 3467 1643 ,
3547 1543 3699 1651 qui·
3722 1537 3881 1623 ad·

1295 1664 1883 1779 ministrandae
1918 1663 2277 1773 Syriae,
2356 1685 2453 1752 vt
2495 1668 2616 1752 ait
2650 1667 3046 1770 Tacitus,
3114 1669 3256 1772 (3)
3288 1668 3636 1776 imagine
3687 1681 3877 1751 tan-

1291 1795 1481 1881 dem
1519 1786 1933 1908 exsolutus
1970 1849 1998 1899 ‚
2082 1790 2308 1881 Vrbi
2333 1790 2752 1907 praefuit,
2817 1818 3071 1905 genus
3109 1790 3226 1879 illi
3254 1791 3665 1911 decorum,
3734 1798 3872 1882 vi·

1293 1914 1861 2041 uidaseneHus
1898 1935 1984 2007 et
2019 1945 2167 2009 non
2191 1918 2579 2038 permzffa
2607 1924 3045 2036 prouincia
3068 1919 3601 2032 dignationem
3636 1922 3877 2009 addi-

1299 2051 1455 2140 dit.
1589 2052 1891 2142 Potuit
1928 2052 2195 2164 igitur
2229 2051 2532 2163 aliquis
2569 2052 2955 2140 Marinus
2994 2050 3337 2159 praeses
3387 2054 3494 2138 ad
3541 2053 3913 2151 Vrbem,

1295 2180 1572 2268 fiuiffe.
1710 2177 1886 2270 Sed
1935 2180 2526 2271 verosimilius
2565 2181 2718 2285 est,
2800 2179 3115 2267 erraffe
3152 2179 3471 2269 Mosen
3508 2200 3597 2267 et
3630 2182 3876 2295 lega-

1299 2329 1448 2397 tos
1485 2307 1819 2419 Abgari
1852 2308 2178 2396 veniffe
2211 2312 2302 2395 in
2346 2308 2693 2419 Syriam
2736 2309 2844 2395 ad
2872 2310 2972 2395 L.
3007 2306 3615 2419 Pomponium
3632 2309 3890 2396 Flac«

1303 2462 1506 2523 cum
1551 2436 2249 2549 propraefidem.
2407 2437 2498 2526 Si
2535 2437 2819 2520 modo
2860 2436 3134 2547 legati
3168 2437 3260 2519 in
3298 2435 3646 2549 Syriam
3682 2440 3878 2525 sunt

1301 2562 1555 2669 misti,
1634 2591 1834 2652 nam
1879 2564 3380 2675 ConstantinusPorphyrogenneta
3421 2565 3528 2649 ad
3566 2567 3875 2679 Aegy·
3950 2604 3955 2611 ·

1307 2696 1450 2803 pti
1519 2683 2052 2810 ἐξηγέμενον
2114 2693 2467 2804 legatos
2540 2692 2878 2804 Abgari
2946 2692 3484 2780 commeasse
3548 2696 3873 2780 scribit.

1299 2822 1709 2909 Eusebius
1747 2824 1854 2906 de
1888 2821 2202 2931 legatis
2237 2825 2618 2915 omnino
2662 2819 2881 2907 nihil
2917 2876 2940 2925 ‚
3022 2820 3399 2926 cuius,vt
3428 2822 3880 2910 Edeffenis

1299 2952 1391 3037 in
1430 2954 2038 3035 monumentis
2072 2949 2299 3036 haud
2336 2952 2673 3040 minori
2707 2940 2878 3035 fide
2914 2949 3289 3054 versati,
3351 2977 3612 3062 quam
3652 2948 3742 3036 in'
3783 2978 3871 3037 a·

1301 3077 1444 3162 liis
1480 3134 1506 3183 ‚
1579 3081 1705 3162 ita
1759 3078 1868 3163 ad
1920 3083 2460 3165 memoriam
2523 3077 3083 3184 vetussiffimi‚
3130 3078 3420 3163 maior
3460 3080 3690 3189 apud
3727 3105 3876 3166 me

1306 3206 1480 3292 effe
1520 3207 1779 3293 debet
1816 3208 2288 3294 audior-itas
2331 3263 2357 3312 ,
2434 3233 2694 3319 quam
2731 3227 3245 3294 ceterorum
3269 3209 3706 3312 omnium,
3728 3210 3879 3318 qui

1309 3335 1778 3421 secundum
1818 3360 2020 3418 eum
2060 3361 2252 3418 rem
2294 3336 2778 3444 magnificis
2813 3335 3325 3421 extulerunt
3358 3334 3671 3419 verbis,

1556 3462 1772 3551 Sunt
1812 3463 2133 3546 deinde
2175 3462 2339 3547 alia
2375 3488 2762 3575 quoque,
2839 3489 3059 3574 quae
3092 3462 3497 3554 Eusebius
3517 3467 3879 3574 ignora·

1311 3593 1733 3697 uit,multi
1763 3592 2229 3679 secundum
2271 3616 2471 3677 eum
2496 3592 2686 3677 satis
2704 3616 3034 3701 magno
3054 3592 3532 3677 interuallo
3569 3593 3879 3703 prodi·

1315 3721 1662 3807 derunt.
1702 3709 2158 3808 Hananum
2183 3720 2491 3833 legato
2515 3719 2750 3805 fuisse
2778 3746 3141 3824 nomen,
3156 3722 3572 3831 pingendi
3591 3738 3879 3808 artem

1313 3847 1715 3952 coluisse,
1790 3849 2201 3935 mandata
2234 3846 2610 3932 habuisse
2647 3850 2748 3933 ab
2780 3852 3144 3955 Abgaro
3197 3900 3224 3950 ,
3302 3867 3401 3931 vt
3437 3846 3880 3937 Christum

1317 3974 1714 4063 dilucidis
1765 3974 2218 4060 coloribus
2271 3978 2684 4085 pingeret
2719 3979 2810 4061 in
2847 3974 3188 4060 tabula:
3261 3975 3675 4062 inueniss'e
3712 3979 3877 4063 do·

1320 4105 1662 4189 minum
1699 4127 1897 4190 cum
1940 4101 2290 4213 populo
2332 4103 2895 4189 differentem
2935 4108 3024 4188 in
3056 4128 3273 4217 agro
3296 4159 3323 4209 ,
3352 4130 3572 4217 ergo
3609 4108 3700 4189 in
3735 4131 3878 4191 ac-

1317 4231 1526 4319 cliui
1559 4231 1772 4319 loco
1811 4285 1840 4338 ‚
1913 4235 2150 4323 vnde
2203 4256 2405 4321 eum
2440 4233 2960 4347 conspicere
2999 4237 3383 4321 omnino
3419 4253 3786 4350 poterat
3854 4288 3883 4340 ‚

3603 4362 3885 4449 linea·

3334 4507 3375 4546 ,
3881 4571 3889 4577 .

1342 4597 3902 4638 —--———-———-—-....-....-..--.----------2

1491 4663 1595 4750 (¹)
1634 4666 1932 4749 Iosephus
1956 4673 2032 4738 L.
2060 4673 2303 4737 xvm·
2328 4675 2386 4740 8.
2436 4659 2774 4755 (ηλοωί.
2800 4673 2908 4740 VI.
2937 4686 3046 4753 ⁸7.
3089 4669 3240 4756 (3)1.
3263 4688 3321 4738 e.
