<?xml version="1.0" encoding="UTF-8"?>
<!DOCTYPE html PUBLIC "-//W3C//DTD XHTML 1.0 Transitional//EN"
    "http://www.w3.org/TR/xhtml1/DTD/xhtml1-transitional.dtd">
<html xmlns="http://www.w3.org/1999/xhtml" xml:lang="en" lang="en">
 <head>
  <title>
</title>
<meta http-equiv="Content-Type" content="text/html;charset=utf-8" />
  <meta name='ocr-system' content='tesseract 3.04.00' />
  <meta name='ocr-capabilities' content='ocr_page ocr_carea ocr_par ocr_line ocrx_word'/>
</head>
<body>
  <div class='ocr_page' id='page_1' title='image "./historiaosrhoen00bayegoog_0181.png"; bbox 0 0 4559 5919; ppageno 0'>
   <div class='ocr_carea' id='block_1_1' title="bbox 2095 134 2138 167">
    <p class='ocr_par' dir='ltr' id='par_1_1' title="bbox 2095 134 2138 167">
     <span class='ocr_line' id='line_1_1' title="bbox 2095 134 2138 167; baseline 0 0"><span class='ocrx_word' id='word_1_1' title='bbox 2095 134 2138 167; x_wconf 80' lang='lat' dir='ltr'><em>l</em></span> 
     </span>
    </p>
   </div>
   <div class='ocr_carea' id='block_1_2' title="bbox 753 506 3329 702">
    <p class='ocr_par' dir='ltr' id='par_1_2' title="bbox 753 506 3329 702">
     <span class='ocr_line' id='line_1_2' title="bbox 753 506 3329 702; baseline 0.002 -28"><span class='ocrx_word' id='word_1_2' title='bbox 753 693 764 701; x_wconf 43' lang='grc'><strong>,</strong></span> <span class='ocrx_word' id='word_1_3' title='bbox 847 583 930 676; x_wconf 82' lang='grc' dir='ltr'>Ε</span> <span class='ocrx_word' id='word_1_4' title='bbox 999 506 1444 675; x_wconf 68' lang='lat' dir='ltr'>NVMrs</span> <span class='ocrx_word' id='word_1_5' title='bbox 1514 540 2413 675; x_wconf 63' lang='lat' dir='ltr'><strong><em>ILLVSTRATAE</em></strong></span> <span class='ocrx_word' id='word_1_6' title='bbox 2481 580 2717 676; x_wconf 70' lang='grc' dir='ltr'>ΜΒ.</span> <span class='ocrx_word' id='word_1_7' title='bbox 2789 584 2985 674; x_wconf 85' lang='lat'>111.</span> <span class='ocrx_word' id='word_1_8' title='bbox 3054 606 3111 675; x_wconf 48' lang='grc' dir='ltr'>ἰ</span> <span class='ocrx_word' id='word_1_9' title='bbox 3134 618 3263 702; x_wconf 77' lang='lat'>49</span> <span class='ocrx_word' id='word_1_10' title='bbox 3324 590 3329 597; x_wconf 69' lang='grc'><strong><em>’</em></strong></span> 
     </span>
    </p>
   </div>
   <div class='ocr_carea' id='block_1_3' title="bbox 705 790 3367 1302">
    <p class='ocr_par' dir='ltr' id='par_1_3' title="bbox 705 790 3367 1302">
     <span class='ocr_line' id='line_1_3' title="bbox 706 790 3271 912; baseline 0.002 -28"><span class='ocrx_word' id='word_1_11' title='bbox 706 800 919 884; x_wconf 89' lang='lat' dir='ltr'>zeth</span> <span class='ocrx_word' id='word_1_12' title='bbox 956 803 1334 910; x_wconf 82' lang='lat' dir='ltr'>regnauit</span> <span class='ocrx_word' id='word_1_13' title='bbox 1369 820 1611 883; x_wconf 74' lang='lat' dir='ltr'>annos</span> <span class='ocrx_word' id='word_1_14' title='bbox 1654 810 1803 882; x_wconf 72' lang='lat'>1⁶6.</span> <span class='ocrx_word' id='word_1_15' title='bbox 1880 790 2164 912; x_wconf 66' lang='lat' dir='ltr'>menses</span> <span class='ocrx_word' id='word_1_16' title='bbox 2219 794 2421 884; x_wconf 61' lang='lat'><strong>0670.</strong></span> <span class='ocrx_word' id='word_1_17' title='bbox 2566 802 2707 888; x_wconf 87' lang='lat' dir='ltr'>Ex</span> <span class='ocrx_word' id='word_1_18' title='bbox 2746 806 3038 891; x_wconf 84' lang='lat' dir='ltr'>nostra</span> <span class='ocrx_word' id='word_1_19' title='bbox 3074 806 3271 889; x_wconf 75' lang='lat' dir='ltr'>sen-</span> 
     </span>
     <span class='ocr_line' id='line_1_4' title="bbox 705 922 3367 1049; baseline 0.001 -34"><span class='ocrx_word' id='word_1_20' title='bbox 705 933 992 1015; x_wconf 84' lang='lat' dir='ltr'>tentia</span> <span class='ocrx_word' id='word_1_21' title='bbox 1027 933 1138 1017; x_wconf 91' lang='lat' dir='ltr'>A.</span> <span class='ocrx_word' id='word_1_22' title='bbox 1232 929 1637 1015; x_wconf 82' lang='lat' dir='ltr'>Abrahae</span> <span class='ocrx_word' id='word_1_23' title='bbox 1689 958 1797 1012; x_wconf 84' lang='lat'>21</span> <span class='ocrx_word' id='word_1_24' title='bbox 1830 959 1952 1037; x_wconf 90' lang='lat'>14</span> <span class='ocrx_word' id='word_1_25' title='bbox 1987 930 2158 1014; x_wconf 77' lang='lat' dir='ltr'>siue</span> <span class='ocrx_word' id='word_1_26' title='bbox 2193 932 2469 1016; x_wconf 93' lang='lat' dir='ltr'>Anno</span> <span class='ocrx_word' id='word_1_27' title='bbox 2512 930 2727 1019; x_wconf 90' lang='lat' dir='ltr'><strong>Chr.</strong></span> <span class='ocrx_word' id='word_1_28' title='bbox 2771 966 2923 1041; x_wconf 89' lang='lat'>99.</span> <span class='ocrx_word' id='word_1_29' title='bbox 2972 937 3287 1019; x_wconf 88' lang='lat' dir='ltr'>mense.</span> <span class='ocrx_word' id='word_1_30' title='bbox 3341 922 3367 1049; x_wconf 42' lang='grc'>’-</span> 
     </span>
     <span class='ocr_line' id='line_1_5' title="bbox 707 1054 3269 1174; baseline 0.002 -30"><span class='ocrx_word' id='word_1_31' title='bbox 707 1059 1098 1167; x_wconf 88' lang='lat' dir='ltr'>Augusto</span> <span class='ocrx_word' id='word_1_32' title='bbox 1134 1054 1506 1168; x_wconf 72' lang='lat' dir='ltr'>regnare</span> <span class='ocrx_word' id='word_1_33' title='bbox 1545 1062 1885 1171; x_wconf 90' lang='lat' dir='ltr'>coepit.</span> <span class='ocrx_word' id='word_1_34' title='bbox 2034 1061 2182 1146; x_wconf 91' lang='lat' dir='ltr'>Ad</span> <span class='ocrx_word' id='word_1_35' title='bbox 2231 1058 2458 1144; x_wconf 91' lang='lat' dir='ltr'>hunc</span> <span class='ocrx_word' id='word_1_36' title='bbox 2503 1086 2812 1170; x_wconf 86' lang='lat' dir='ltr'>regem</span> <span class='ocrx_word' id='word_1_37' title='bbox 2869 1065 3269 1174; x_wconf 83' lang='lat' dir='ltr'>pertinet</span> 
     </span>
     <span class='ocr_line' id='line_1_6' title="bbox 716 1178 3261 1302; baseline 0.003 -34"><span class='ocrx_word' id='word_1_38' title='bbox 716 1212 1068 1291; x_wconf 64' lang='lat' dir='ltr'>numm,</span> <span class='ocrx_word' id='word_1_39' title='bbox 1112 1178 1371 1297; x_wconf 81' lang='lat' dir='ltr'>quem</span> <span class='ocrx_word' id='word_1_40' title='bbox 1415 1189 1520 1270; x_wconf 81' lang='lat' dir='ltr'>ad</span> <span class='ocrx_word' id='word_1_41' title='bbox 1549 1184 2007 1275; x_wconf 88' lang='lat' dir='ltr'>Parthicos</span> <span class='ocrx_word' id='word_1_42' title='bbox 2041 1188 2349 1275; x_wconf 85' lang='lat' dir='ltr'>retulit</span> <span class='ocrx_word' id='word_1_43' title='bbox 2396 1190 2816 1275; x_wconf 76' lang='lat' dir='ltr'>Ezechiel</span> <span class='ocrx_word' id='word_1_44' title='bbox 2859 1192 3261 1302; x_wconf 84' lang='lat' dir='ltr'>Spanhe-</span> 
     </span>
    </p>
   </div>
   <div class='ocr_carea' id='block_1_4' title="bbox 629 1315 3539 1437">
    <p class='ocr_par' dir='ltr' id='par_1_4' title="bbox 629 1315 3669 1437">
     <span class='ocr_line' id='line_1_7' title="bbox 629 1315 3539 1437; baseline 0.003 -38"><span class='ocrx_word' id='word_1_45' title='bbox 629 1426 648 1437; x_wconf 41' lang='lat'><strong>·</strong></span> <span class='ocrx_word' id='word_1_46' title='bbox 709 1320 959 1401; x_wconf 88' lang='lat' dir='ltr'>mius.</span> <span class='ocrx_word' id='word_1_47' title='bbox 1094 1322 1232 1421; x_wconf 87' lang='lat'>(8)</span> <span class='ocrx_word' id='word_1_48' title='bbox 1300 1315 1403 1400; x_wconf 92' lang='lat' dir='ltr'>In</span> <span class='ocrx_word' id='word_1_49' title='bbox 1440 1317 1785 1401; x_wconf 71' lang='lat' dir='ltr'>aduersa</span> <span class='ocrx_word' id='word_1_50' title='bbox 1822 1318 1937 1402; x_wconf 91' lang='lat' dir='ltr'>est</span> <span class='ocrx_word' id='word_1_51' title='bbox 1973 1317 2319 1435; x_wconf 77' lang='lat' dir='ltr'>vultus²</span> <span class='ocrx_word' id='word_1_52' title='bbox 2390 1340 2488 1402; x_wconf 80' lang='lat' dir='ltr'>vt</span> <span class='ocrx_word' id='word_1_53' title='bbox 2546 1321 2908 1405; x_wconf 86' lang='lat' dir='ltr'>cernitis</span> <span class='ocrx_word' id='word_1_54' title='bbox 2981 1377 3007 1425; x_wconf 84' lang='lat'>‚</span> <span class='ocrx_word' id='word_1_55' title='bbox 3160 1346 3260 1405; x_wconf 87' lang='lat' dir='ltr'>ea</span> <span class='ocrx_word' id='word_1_56' title='bbox 3291 1343 3368 1409; x_wconf 83' lang='grc' dir='ltr'>τ.</span> <span class='ocrx_word' id='word_1_57' title='bbox 3420 1347 3539 1411; x_wconf 82' lang='lat' dir='ltr'>1v.-</span> 
     </span>
    </p>
   </div>
   <div class='ocr_carea' id='block_1_5' title="bbox 693 1445 3415 3109">
    <p class='ocr_par' dir='ltr' id='par_1_5' title="bbox 693 1445 3415 3109">
     <span class='ocr_line' id='line_1_8' title="bbox 708 1445 3402 1557; baseline 0.003 -30"><span class='ocrx_word' id='word_1_58' title='bbox 708 1445 1873 1533; x_wconf 85' lang='lat' dir='ltr'>omniumlineamentorum</span> <span class='ocrx_word' id='word_1_59' title='bbox 1896 1445 2205 1553; x_wconf 83' lang='lat' dir='ltr'>figura,</span> <span class='ocrx_word' id='word_1_60' title='bbox 2231 1449 2564 1557; x_wconf 83' lang='lat' dir='ltr'>quaein</span> <span class='ocrx_word' id='word_1_61' title='bbox 2588 1449 3268 1536; x_wconf 89' lang='lat' dir='ltr'>omnibusEdes-</span> <span class='ocrx_word' id='word_1_62' title='bbox 3343 1450 3402 1492; x_wconf 84' lang='lat'>¹·</span> 
     </span>
     <span class='ocr_line' id='line_1_9' title="bbox 699 1572 3296 1693; baseline 0.003 -36"><span class='ocrx_word' id='word_1_63' title='bbox 699 1573 1279 1684; x_wconf 85' lang='lat' dir='ltr'>senisregibus</span> <span class='ocrx_word' id='word_1_64' title='bbox 1310 1572 1797 1683; x_wconf 68' lang='lat' dir='ltr'>spectatur:</span> <span class='ocrx_word' id='word_1_65' title='bbox 1873 1576 1962 1659; x_wconf 92' lang='lat' dir='ltr'>in</span> <span class='ocrx_word' id='word_1_66' title='bbox 1999 1578 2287 1660; x_wconf 85' lang='lat' dir='ltr'>auersa</span> <span class='ocrx_word' id='word_1_67' title='bbox 2333 1576 2571 1693; x_wconf 73' lang='lat' dir='ltr'>sedet</span> <span class='ocrx_word' id='word_1_68' title='bbox 2604 1578 2964 1680; x_wconf 77' lang='lat' dir='ltr'>Edessae</span> <span class='ocrx_word' id='word_1_69' title='bbox 3018 1580 3296 1665; x_wconf 85' lang='lat' dir='ltr'>vrbis·</span> 
     </span>
     <span class='ocr_line' id='line_1_10' title="bbox 713 1702 3415 1823; baseline -0.001 -38"><span class='ocrx_word' id='word_1_70' title='bbox 713 1704 1018 1812; x_wconf 82' lang='lat' dir='ltr'>genius</span> <span class='ocrx_word' id='word_1_71' title='bbox 1054 1758 1079 1806; x_wconf 87' lang='lat'><em>‚</em></span> <span class='ocrx_word' id='word_1_72' title='bbox 1176 1704 1317 1816; x_wconf 89' lang='lat' dir='ltr'>qui</span> <span class='ocrx_word' id='word_1_73' title='bbox 1351 1702 1680 1788; x_wconf 78' lang='lat' dir='ltr'>sistrum</span> <span class='ocrx_word' id='word_1_74' title='bbox 1736 1723 1984 1789; x_wconf 89' lang='lat' dir='ltr'>tenet</span> <span class='ocrx_word' id='word_1_75' title='bbox 2039 1762 2068 1811; x_wconf 82' lang='lat'>,</span> <span class='ocrx_word' id='word_1_76' title='bbox 2159 1705 2265 1789; x_wconf 88' lang='lat' dir='ltr'>de</span> <span class='ocrx_word' id='word_1_77' title='bbox 2306 1730 2468 1816; x_wconf 85' lang='lat' dir='ltr'>qua</span> <span class='ocrx_word' id='word_1_78' title='bbox 2496 1731 2603 1789; x_wconf 88' lang='lat' dir='ltr'>-re</span> <span class='ocrx_word' id='word_1_79' title='bbox 2658 1708 2944 1823; x_wconf 86' lang='lat' dir='ltr'>dicam</span> <span class='ocrx_word' id='word_1_80' title='bbox 3000 1706 3257 1792; x_wconf 87' lang='lat' dir='ltr'>infra.</span> <span class='ocrx_word' id='word_1_81' title='bbox 3406 1774 3415 1783; x_wconf 88' lang='lat'><strong>.</strong></span> 
     </span>
     <span class='ocr_line' id='line_1_11' title="bbox 703 1824 3261 1947; baseline 0 -28"><span class='ocrx_word' id='word_1_82' title='bbox 703 1832 849 1919; x_wconf 90' lang='lat' dir='ltr'>Ad</span> <span class='ocrx_word' id='word_1_83' title='bbox 891 1824 1325 1947; x_wconf 62' lang='grc' dir='ltr'>προτομὴν</span> <span class='ocrx_word' id='word_1_84' title='bbox 1355 1836 1584 1946; x_wconf 87' lang='lat' dir='ltr'>regis</span> <span class='ocrx_word' id='word_1_85' title='bbox 1603 1861 1934 1931; x_wconf 86' lang='lat' dir='ltr'>nomen</span> <span class='ocrx_word' id='word_1_86' title='bbox 1960 1857 2103 1919; x_wconf 85' lang='lat' dir='ltr'>aut</span> <span class='ocrx_word' id='word_1_87' title='bbox 2127 1834 2654 1943; x_wconf 86' lang='lat' dir='ltr'>adscriptum</span> <span class='ocrx_word' id='word_1_88' title='bbox 2696 1834 2854 1921; x_wconf 89' lang='lat' dir='ltr'>fuit</span> <span class='ocrx_word' id='word_1_89' title='bbox 2896 1834 3261 1942; x_wconf 81' lang='lat' dir='ltr'>nullum,</span> 
     </span>
     <span class='ocr_line' id='line_1_12' title="bbox 705 1959 3263 2050; baseline 0.002 -7"><span class='ocrx_word' id='word_1_90' title='bbox 705 1979 850 2043; x_wconf 84' lang='lat' dir='ltr'>aut</span> <span class='ocrx_word' id='word_1_91' title='bbox 893 1959 1459 2046; x_wconf 81' lang='lat' dir='ltr'>obliteratum</span> <span class='ocrx_word' id='word_1_92' title='bbox 1505 1963 1647 2046; x_wconf 91' lang='lat' dir='ltr'>est.</span> <span class='ocrx_word' id='word_1_93' title='bbox 1782 1963 1885 2048; x_wconf 93' lang='lat' dir='ltr'>In</span> <span class='ocrx_word' id='word_1_94' title='bbox 1942 1962 2215 2049; x_wconf 82' lang='lat' dir='ltr'>altera</span> <span class='ocrx_word' id='word_1_95' title='bbox 2263 1989 2463 2048; x_wconf 81' lang='lat' dir='ltr'>area</span> <span class='ocrx_word' id='word_1_96' title='bbox 2521 1965 2853 2050; x_wconf 85' lang='lat' dir='ltr'>exstant</span> <span class='ocrx_word' id='word_1_97' title='bbox 2903 1963 3263 2050; x_wconf 86' lang='lat' dir='ltr'>litterae</span> 
     </span>
     <span class='ocr_line' id='line_1_13' title="bbox 707 2089 3260 2207; baseline 0.002 -34"><span class='ocrx_word' id='word_1_98' title='bbox 707 2091 937 2174; x_wconf 82' lang='grc' dir='ltr'>ΥΚΓ</span> <span class='ocrx_word' id='word_1_99' title='bbox 983 2092 1123 2200; x_wconf 91' lang='lat' dir='ltr'>qui</span> <span class='ocrx_word' id='word_1_100' title='bbox 1161 2089 1278 2175; x_wconf 87' lang='lat' dir='ltr'>est</span> <span class='ocrx_word' id='word_1_101' title='bbox 1311 2116 1576 2176; x_wconf 85' lang='lat' dir='ltr'>annus</span> <span class='ocrx_word' id='word_1_102' title='bbox 1619 2120 1844 2199; x_wconf 77' lang='lat'>423.</span> <span class='ocrx_word' id='word_1_103' title='bbox 1921 2093 2391 2179; x_wconf 86' lang='lat' dir='ltr'>Edeffenus</span> <span class='ocrx_word' id='word_1_104' title='bbox 2447 2096 2559 2180; x_wconf 85' lang='lat' dir='ltr'>A.</span> <span class='ocrx_word' id='word_1_105' title='bbox 2639 2095 2741 2183; x_wconf 89' lang='lat' dir='ltr'>C.</span> <span class='ocrx_word' id='word_1_106' title='bbox 2833 2122 2939 2177; x_wconf 92' lang='lat'>11</span> <span class='ocrx_word' id='word_1_107' title='bbox 2973 2123 3052 2178; x_wconf 92' lang='lat'>1.</span> <span class='ocrx_word' id='word_1_108' title='bbox 3132 2094 3260 2207; x_wconf 88' lang='lat' dir='ltr'>Vt</span> 
     </span>
     <span class='ocr_line' id='line_1_14' title="bbox 707 2216 3371 2333; baseline 0.002 -29"><span class='ocrx_word' id='word_1_109' title='bbox 707 2218 813 2304; x_wconf 88' lang='lat' dir='ltr'>ad</span> <span class='ocrx_word' id='word_1_110' title='bbox 857 2216 1079 2302; x_wconf 87' lang='lat' dir='ltr'>hunc</span> <span class='ocrx_word' id='word_1_111' title='bbox 1120 2220 1480 2306; x_wconf 83' lang='lat' dir='ltr'>Manum</span> <span class='ocrx_word' id='word_1_112' title='bbox 1523 2223 1819 2331; x_wconf 88' lang='lat' dir='ltr'>potius</span> <span class='ocrx_word' id='word_1_113' title='bbox 1874 2220 2251 2307; x_wconf 87' lang='lat' dir='ltr'>referam</span> <span class='ocrx_word' id='word_1_114' title='bbox 2292 2247 2653 2305; x_wconf 89' lang='lat' dir='ltr'>numum</span> <span class='ocrx_word' id='word_1_115' title='bbox 2717 2277 2749 2329; x_wconf 63' lang='lat'>2</span> <span class='ocrx_word' id='word_1_116' title='bbox 2841 2248 3097 2333; x_wconf 89' lang='lat' dir='ltr'>quam</span> <span class='ocrx_word' id='word_1_117' title='bbox 3153 2224 3263 2308; x_wconf 82' lang='lat' dir='ltr'>ad</span> <span class='ocrx_word' id='word_1_118' title='bbox 3364 2239 3371 2246; x_wconf 87' lang='grc'><strong>’</strong></span> 
     </span>
     <span class='ocr_line' id='line_1_15' title="bbox 693 2346 3314 2463; baseline 0.002 -32"><span class='ocrx_word' id='word_1_119' title='bbox 693 2346 1072 2432; x_wconf 86' lang='lat' dir='ltr'>Parthos</span> <span class='ocrx_word' id='word_1_120' title='bbox 1113 2370 1199 2432; x_wconf 92' lang='lat' dir='ltr'>et</span> <span class='ocrx_word' id='word_1_121' title='bbox 1231 2349 1514 2434; x_wconf 85' lang='lat' dir='ltr'>vultus</span> <span class='ocrx_word' id='word_1_122' title='bbox 1554 2348 1815 2460; x_wconf 79' lang='lat' dir='ltr'>plane</span> <span class='ocrx_word' id='word_1_123' title='bbox 1846 2348 2314 2437; x_wconf 85' lang='lat' dir='ltr'>Edeffenus</span> <span class='ocrx_word' id='word_1_124' title='bbox 2356 2373 2501 2463; x_wconf 88' lang='lat' dir='ltr'>me</span> <span class='ocrx_word' id='word_1_125' title='bbox 2541 2369 2849 2435; x_wconf 90' lang='lat' dir='ltr'>mouet</span> <span class='ocrx_word' id='word_1_126' title='bbox 2892 2349 3258 2435; x_wconf 10' lang='lat' dir='ltr'>etlv&#39;rbis</span> <span class='ocrx_word' id='word_1_127' title='bbox 3300 2379 3314 2392; x_wconf 60' lang='grc'><em>“</em></span> 
     </span>
     <span class='ocr_line' id='line_1_16' title="bbox 701 2477 3257 2590; baseline 0.004 -35"><span class='ocrx_word' id='word_1_128' title='bbox 701 2477 1004 2585; x_wconf 90' lang='lat' dir='ltr'>genius</span> <span class='ocrx_word' id='word_1_129' title='bbox 1043 2532 1067 2580; x_wconf 87' lang='lat'>,</span> <span class='ocrx_word' id='word_1_130' title='bbox 1145 2504 1654 2590; x_wconf 84' lang='lat' dir='ltr'>quamquam</span> <span class='ocrx_word' id='word_1_131' title='bbox 1693 2479 1876 2565; x_wconf 88' lang='lat' dir='ltr'>non</span> <span class='ocrx_word' id='word_1_132' title='bbox 1933 2478 2130 2565; x_wconf 85' lang='lat' dir='ltr'>satis</span> <span class='ocrx_word' id='word_1_133' title='bbox 2182 2500 2586 2566; x_wconf 85' lang='lat' dir='ltr'>accurate</span> <span class='ocrx_word' id='word_1_134' title='bbox 2649 2479 3091 2589; x_wconf 82' lang='lat' dir='ltr'>expreffus</span> <span class='ocrx_word' id='word_1_135' title='bbox 3124 2481 3257 2564; x_wconf 83' lang='lat' dir='ltr'>vi-</span> 
     </span>
     <span class='ocr_line' id='line_1_17' title="bbox 707 2605 3256 2722; baseline 0.004 -37"><span class='ocrx_word' id='word_1_136' title='bbox 707 2605 994 2709; x_wconf 86' lang='lat' dir='ltr'>detur,</span> <span class='ocrx_word' id='word_1_137' title='bbox 1045 2625 1132 2689; x_wconf 91' lang='lat' dir='ltr'>et</span> <span class='ocrx_word' id='word_1_138' title='bbox 1174 2626 1369 2693; x_wconf 86' lang='lat' dir='ltr'>tota</span> <span class='ocrx_word' id='word_1_139' title='bbox 1424 2629 1849 2695; x_wconf 87' lang='lat' dir='ltr'>monetae</span> <span class='ocrx_word' id='word_1_140' title='bbox 1901 2610 2127 2722; x_wconf 78' lang='lat' dir='ltr'>quasi</span> <span class='ocrx_word' id='word_1_141' title='bbox 2168 2630 2474 2695; x_wconf 87' lang='lat' dir='ltr'>natura</span> <span class='ocrx_word' id='word_1_142' title='bbox 2506 2609 2933 2696; x_wconf 86' lang='lat' dir='ltr'>Ede&#39;ffena</span> <span class='ocrx_word' id='word_1_143' title='bbox 2975 2637 3021 2694; x_wconf 86' lang='lat' dir='ltr'>a</span> <span class='ocrx_word' id='word_1_144' title='bbox 3053 2609 3256 2695; x_wconf 85' lang='lat' dir='ltr'>Par-</span> 
     </span>
     <span class='ocr_line' id='line_1_18' title="bbox 695 2731 3259 2827; baseline 0 -7"><span class='ocrx_word' id='word_1_145' title='bbox 695 2731 956 2820; x_wconf 78' lang='lat' dir='ltr'>thicis</span> <span class='ocrx_word' id='word_1_146' title='bbox 1009 2733 1318 2821; x_wconf 89' lang='lat' dir='ltr'>formis</span> <span class='ocrx_word' id='word_1_147' title='bbox 1376 2735 1881 2825; x_wconf 85' lang='lat' dir='ltr'>abhorrens.</span> <span class='ocrx_word' id='word_1_148' title='bbox 1971 2740 2160 2826; x_wconf 90' lang='lat' dir='ltr'>Dio</span> <span class='ocrx_word' id='word_1_149' title='bbox 2215 2735 2535 2827; x_wconf 76' lang='lat' dir='ltr'>Cassius</span> <span class='ocrx_word' id='word_1_150' title='bbox 2588 2735 2815 2822; x_wconf 90' lang='lat' dir='ltr'>hunc</span> <span class='ocrx_word' id='word_1_151' title='bbox 2892 2737 3259 2823; x_wconf 86' lang='lat' dir='ltr'>Manum</span> 
     </span>
     <span class='ocr_line' id='line_1_19' title="bbox 697 2851 3249 2984; baseline 0.002 -39"><span class='ocrx_word' id='word_1_152' title='bbox 697 2868 1053 2948; x_wconf 82' lang='lat' dir='ltr'>vocauit</span> <span class='ocrx_word' id='word_1_153' title='bbox 1078 2851 1493 2982; x_wconf 61' lang='grc' dir='ltr'>Αὔγαᾶον</span> <span class='ocrx_word' id='word_1_154' title='bbox 1511 2866 1677 2951; x_wconf 80' lang='lat' dir='ltr'>siue</span> <span class='ocrx_word' id='word_1_155' title='bbox 1704 2867 2164 2984; x_wconf 62' lang='grc' dir='ltr'>Αγξαᾶσν,</span> <span class='ocrx_word' id='word_1_156' title='bbox 2185 2867 2615 2953; x_wconf 89' lang='lat' dir='ltr'>diuersum</span> <span class='ocrx_word' id='word_1_157' title='bbox 2640 2865 3249 2969; x_wconf 85' lang='lat' dir='ltr'>enimhabent</span> 
     </span>
     <span class='ocr_line' id='line_1_20' title="bbox 697 2993 3258 3109; baseline -0.001 -29"><span class='ocrx_word' id='word_1_158' title='bbox 697 2993 992 3080; x_wconf 83' lang='lat' dir='ltr'>Vrfini</span> <span class='ocrx_word' id='word_1_159' title='bbox 1038 3013 1291 3107; x_wconf 84' lang='lat' dir='ltr'>atque</span> <span class='ocrx_word' id='word_1_160' title='bbox 1331 2996 1651 3081; x_wconf 86' lang='lat' dir='ltr'>Valefii</span> <span class='ocrx_word' id='word_1_161' title='bbox 1692 2997 2242 3109; x_wconf 80' lang='lat' dir='ltr'>exemplaria</span> <span class='ocrx_word' id='word_1_162' title='bbox 2296 3053 2325 3104; x_wconf 86' lang='lat'><em>‚</em></span> <span class='ocrx_word' id='word_1_163' title='bbox 2405 3019 2493 3082; x_wconf 92' lang='lat' dir='ltr'>et</span> <span class='ocrx_word' id='word_1_164' title='bbox 2550 3000 2970 3109; x_wconf 81' lang='lat' dir='ltr'>quaedam</span> <span class='ocrx_word' id='word_1_165' title='bbox 3030 3019 3258 3108; x_wconf 85' lang='lat' dir='ltr'>quo-</span> 
     </span>
    </p>
   </div>
   <div class='ocr_carea' id='block_1_6' title="bbox 533 3117 3246 3236">
    <p class='ocr_par' dir='ltr' id='par_1_6' title="bbox 533 3117 3246 3236">
     <span class='ocr_line' id='line_1_21' title="bbox 533 3117 3246 3236; baseline -0 -29"><span class='ocrx_word' id='word_1_166' title='bbox 533 3153 542 3162; x_wconf 81' lang='lat'>·</span> <span class='ocrx_word' id='word_1_167' title='bbox 689 3149 859 3234; x_wconf 89' lang='lat' dir='ltr'>que</span> <span class='ocrx_word' id='word_1_168' title='bbox 928 3119 1245 3228; x_wconf 78' lang='lat' dir='ltr'>adiecit</span> <span class='ocrx_word' id='word_1_169' title='bbox 1309 3117 1415 3208; x_wconf 87' lang='lat' dir='ltr'>de</span> <span class='ocrx_word' id='word_1_170' title='bbox 1470 3126 1746 3211; x_wconf 87' lang='lat' dir='ltr'>Mano</span> <span class='ocrx_word' id='word_1_171' title='bbox 1788 3127 2219 3214; x_wconf 85' lang='lat' dir='ltr'>finitimae</span> <span class='ocrx_word' id='word_1_172' title='bbox 2284 3127 2659 3214; x_wconf 80' lang='lat' dir='ltr'>Arabiae</span> <span class='ocrx_word' id='word_1_173' title='bbox 2730 3124 3246 3236; x_wconf 83' lang='lat' dir='ltr'>phylarcha‚</span> 
     </span>
    </p>
   </div>
   <div class='ocr_carea' id='block_1_7' title="bbox 691 3252 3253 4523">
    <p class='ocr_par' dir='ltr' id='par_1_7' title="bbox 691 3252 3253 4396">
     <span class='ocr_line' id='line_1_22' title="bbox 699 3252 3249 3368; baseline 0 -31"><span class='ocrx_word' id='word_1_174' title='bbox 699 3273 796 3337; x_wconf 79' lang='lat' dir='ltr'>vt</span> <span class='ocrx_word' id='word_1_175' title='bbox 833 3252 1092 3365; x_wconf 86' lang='lat' dir='ltr'>poffis</span> <span class='ocrx_word' id='word_1_176' title='bbox 1124 3255 1563 3368; x_wconf 72' lang='lat' dir='ltr'>suspicari,</span> <span class='ocrx_word' id='word_1_177' title='bbox 1605 3255 2212 3340; x_wconf 87' lang='lat' dir='ltr'>Theodofium</span> <span class='ocrx_word' id='word_1_178' title='bbox 2248 3256 2687 3364; x_wconf 89' lang='lat' dir='ltr'>Exiguum</span> <span class='ocrx_word' id='word_1_179' title='bbox 2726 3257 2812 3339; x_wconf 91' lang='lat' dir='ltr'>in</span> <span class='ocrx_word' id='word_1_180' title='bbox 2874 3279 3249 3364; x_wconf 84' lang='lat' dir='ltr'>excerp-</span> 
     </span>
     <span class='ocr_line' id='line_1_23' title="bbox 697 3377 3253 3499; baseline 0.001 -35"><span class='ocrx_word' id='word_1_181' title='bbox 697 3386 812 3464; x_wconf 90' lang='lat' dir='ltr'>tis</span> <span class='ocrx_word' id='word_1_182' title='bbox 852 3383 1172 3494; x_wconf 88' lang='lat' dir='ltr'>aliquid</span> <span class='ocrx_word' id='word_1_183' title='bbox 1204 3377 1364 3468; x_wconf 89' lang='lat' dir='ltr'>isto</span> <span class='ocrx_word' id='word_1_184' title='bbox 1418 3384 1529 3465; x_wconf 92' lang='lat' dir='ltr'>in.</span> <span class='ocrx_word' id='word_1_185' title='bbox 1563 3389 1927 3470; x_wconf 89' lang='lat' dir='ltr'>nomine</span> <span class='ocrx_word' id='word_1_186' title='bbox 1983 3383 2405 3499; x_wconf 72' lang='lat' dir='ltr'>turbasse,</span> <span class='ocrx_word' id='word_1_187' title='bbox 2494 3401 2639 3468; x_wconf 84' lang='lat' dir='ltr'>aut</span> <span class='ocrx_word' id='word_1_188' title='bbox 2676 3385 2915 3493; x_wconf 90' lang='lat' dir='ltr'>quod</span> <span class='ocrx_word' id='word_1_189' title='bbox 2974 3384 3253 3491; x_wconf 78' lang='lat' dir='ltr'>magis</span> 
     </span>
     <span class='ocr_line' id='line_1_24' title="bbox 699 3509 3250 3624; baseline -0 -29"><span class='ocrx_word' id='word_1_190' title='bbox 699 3509 872 3595; x_wconf 86' lang='lat' dir='ltr'>fide</span> <span class='ocrx_word' id='word_1_191' title='bbox 913 3511 1027 3595; x_wconf 89' lang='lat' dir='ltr'>est</span> <span class='ocrx_word' id='word_1_192' title='bbox 1070 3512 1423 3618; x_wconf 85' lang='lat' dir='ltr'>dignum</span> <span class='ocrx_word' id='word_1_193' title='bbox 1465 3567 1490 3613; x_wconf 89' lang='grc'>,</span> <span class='ocrx_word' id='word_1_194' title='bbox 1565 3513 1966 3596; x_wconf 87' lang='lat' dir='ltr'>Dionem</span> <span class='ocrx_word' id='word_1_195' title='bbox 2008 3510 2097 3624; x_wconf 70' lang='lat' dir='ltr'>in</span> <span class='ocrx_word' id='word_1_196' title='bbox 2145 3515 2513 3597; x_wconf 89' lang='lat' dir='ltr'>nomine</span> <span class='ocrx_word' id='word_1_197' title='bbox 2548 3514 2880 3619; x_wconf 86' lang='lat' dir='ltr'>Augari</span> <span class='ocrx_word' id='word_1_198' title='bbox 2922 3530 3009 3594; x_wconf 92' lang='lat' dir='ltr'>et</span> <span class='ocrx_word' id='word_1_199' title='bbox 3053 3512 3250 3598; x_wconf 80' lang='lat' dir='ltr'>Ma-</span> 
     </span>
     <span class='ocr_line' id='line_1_25' title="bbox 699 3637 3249 3750; baseline -0 -28"><span class='ocrx_word' id='word_1_200' title='bbox 699 3642 789 3724; x_wconf 86' lang='lat' dir='ltr'>ni</span> <span class='ocrx_word' id='word_1_201' title='bbox 829 3637 1302 3724; x_wconf 74' lang='lat' dir='ltr'>offendisse.</span> <span class='ocrx_word' id='word_1_202' title='bbox 1456 3639 1695 3723; x_wconf 89' lang='lat' dir='ltr'>Istius</span> <span class='ocrx_word' id='word_1_203' title='bbox 1733 3642 2284 3750; x_wconf 87' lang='lat' dir='ltr'>temporibus</span> <span class='ocrx_word' id='word_1_204' title='bbox 2339 3642 2568 3748; x_wconf 84' lang='lat' dir='ltr'>regis</span> <span class='ocrx_word' id='word_1_205' title='bbox 2596 3640 3029 3746; x_wconf 27' lang='lat' dir='ltr'>‚Traianus</span> <span class='ocrx_word' id='word_1_206' title='bbox 3063 3640 3249 3724; x_wconf 90' lang='lat' dir='ltr'>Im-</span> 
     </span>
     <span class='ocr_line' id='line_1_26' title="bbox 697 3764 3244 3880; baseline -0 -25"><span class='ocrx_word' id='word_1_207' title='bbox 697 3791 1068 3879; x_wconf 84' lang='lat' dir='ltr'>perator</span> <span class='ocrx_word' id='word_1_208' title='bbox 1107 3770 1210 3852; x_wconf 88' lang='lat' dir='ltr'>ad</span> <span class='ocrx_word' id='word_1_209' title='bbox 1257 3764 1574 3853; x_wconf 82' lang='lat' dir='ltr'>bellum</span> <span class='ocrx_word' id='word_1_210' title='bbox 1636 3768 2132 3877; x_wconf 84' lang='lat' dir='ltr'>Parthicum</span> <span class='ocrx_word' id='word_1_211' title='bbox 2192 3767 2925 3880; x_wconf 63' lang='lat' dir='ltr'>profestusest&#39;in</span> <span class='ocrx_word' id='word_1_212' title='bbox 2991 3767 3244 3854; x_wconf 89' lang='lat' dir='ltr'>sexto</span> 
     </span>
     <span class='ocr_line' id='line_1_27' title="bbox 696 3896 3248 4002; baseline 0 -19"><span class='ocrx_word' id='word_1_213' title='bbox 696 3899 1142 3983; x_wconf 85' lang='lat' dir='ltr'>consulatu</span> <span class='ocrx_word' id='word_1_214' title='bbox 1174 3901 1278 3984; x_wconf 89' lang='lat' dir='ltr'>A.</span> <span class='ocrx_word' id='word_1_215' title='bbox 1359 3899 1462 3987; x_wconf 90' lang='lat' dir='ltr'>C.</span> <span class='ocrx_word' id='word_1_216' title='bbox 1549 3897 1764 3982; x_wconf 67' lang='lat'><strong>112‘.</strong></span> <span class='ocrx_word' id='word_1_217' title='bbox 1837 3902 1946 3986; x_wconf 89' lang='lat' dir='ltr'>A.</span> <span class='ocrx_word' id='word_1_218' title='bbox 2022 3901 2134 3984; x_wconf 93' lang='lat' dir='ltr'>V.</span> <span class='ocrx_word' id='word_1_219' title='bbox 2214 3899 2318 3987; x_wconf 88' lang='lat' dir='ltr'>C.</span> <span class='ocrx_word' id='word_1_220' title='bbox 2404 3897 2625 4002; x_wconf 61' lang='lat'>865.</span> <span class='ocrx_word' id='word_1_221' title='bbox 2704 3896 3248 3984; x_wconf 81' lang='lat' dir='ltr'>Antiochiae</span> 
     </span>
     <span class='ocr_line' id='line_1_28' title="bbox 695 4024 3244 4142; baseline 0 -32"><span class='ocrx_word' id='word_1_222' title='bbox 695 4024 1022 4134; x_wconf 86' lang='lat' dir='ltr'>hyeme</span> <span class='ocrx_word' id='word_1_223' title='bbox 1079 4053 1179 4109; x_wconf 84' lang='lat' dir='ltr'>ea</span> <span class='ocrx_word' id='word_1_224' title='bbox 1223 4029 1380 4111; x_wconf 86' lang='lat' dir='ltr'>suit</span> <span class='ocrx_word' id='word_1_225' title='bbox 1433 4084 1455 4142; x_wconf 69' lang='lat'>‚⁷</span> <span class='ocrx_word' id='word_1_226' title='bbox 1533 4054 1692 4142; x_wconf 89' lang='lat' dir='ltr'>qua</span> <span class='ocrx_word' id='word_1_227' title='bbox 1746 4030 2204 4138; x_wconf 88' lang='lat' dir='ltr'>Vipsanius</span> <span class='ocrx_word' id='word_1_228' title='bbox 2247 4026 2638 4114; x_wconf 72' lang='lat' dir='ltr'>Messalla</span> <span class='ocrx_word' id='word_1_229' title='bbox 2672 4081 2697 4131; x_wconf 87' lang='lat'>‚</span> <span class='ocrx_word' id='word_1_230' title='bbox 2782 4024 2909 4112; x_wconf 90' lang='lat' dir='ltr'>M.</span> <span class='ocrx_word' id='word_1_231' title='bbox 3001 4027 3244 4111; x_wconf 89' lang='lat' dir='ltr'>Pedo</span> 
     </span>
     <span class='ocr_line' id='line_1_29' title="bbox 697 4153 3246 4268; baseline -0 -30"><span class='ocrx_word' id='word_1_232' title='bbox 697 4153 1676 4264; x_wconf 66' lang='lat' dir='ltr'>virgilianus-ordinarii</span> <span class='ocrx_word' id='word_1_233' title='bbox 1732 4158 2126 4246; x_wconf 88' lang='lat' dir='ltr'>consules</span> <span class='ocrx_word' id='word_1_234' title='bbox 2188 4158 2459 4268; x_wconf 88' lang='lat' dir='ltr'>primi</span> <span class='ocrx_word' id='word_1_235' title='bbox 2514 4155 2874 4239; x_wconf 88' lang='lat' dir='ltr'>nundini</span> <span class='ocrx_word' id='word_1_236' title='bbox 2929 4156 3036 4239; x_wconf 84' lang='lat' dir='ltr'>ad</span> <span class='ocrx_word' id='word_1_237' title='bbox 3073 4154 3246 4241; x_wconf 86' lang='lat' dir='ltr'>Ka·-</span> 
     </span>
     <span class='ocr_line' id='line_1_30' title="bbox 691 4281 3244 4396; baseline 0.001 -30"><span class='ocrx_word' id='word_1_238' title='bbox 691 4281 993 4371; x_wconf 74' lang='lat' dir='ltr'>lehdas</span> <span class='ocrx_word' id='word_1_239' title='bbox 1043 4283 1407 4370; x_wconf 77' lang='lat' dir='ltr'>Martias</span> <span class='ocrx_word' id='word_1_240' title='bbox 1461 4287 2051 4395; x_wconf 80' lang='lat' dir='ltr'>magistratum</span> <span class='ocrx_word' id='word_1_241' title='bbox 2099 4287 2543 4396; x_wconf 86' lang='lat' dir='ltr'>gefferunt</span> <span class='ocrx_word' id='word_1_242' title='bbox 2602 4340 2630 4391; x_wconf 83' lang='lat'><em>‚</em></span> <span class='ocrx_word' id='word_1_243' title='bbox 2726 4287 2838 4371; x_wconf 92' lang='lat' dir='ltr'>A.</span> <span class='ocrx_word' id='word_1_244' title='bbox 2931 4283 3039 4366; x_wconf 91' lang='lat' dir='ltr'>V.</span> <span class='ocrx_word' id='word_1_245' title='bbox 3138 4283 3244 4373; x_wconf 92' lang='lat' dir='ltr'>C.</span> 
     </span>
    </p>

    <p class='ocr_par' dir='ltr' id='par_1_8' title="bbox 1856 4418 3238 4523">
     <span class='ocr_line' id='line_1_31' title="bbox 1856 4418 3238 4523; baseline -0.002 -23"><span class='ocrx_word' id='word_1_246' title='bbox 1856 4418 1937 4500; x_wconf 89' lang='lat' dir='ltr'>T</span> <span class='ocrx_word' id='word_1_247' title='bbox 2013 4445 2063 4523; x_wconf 77' lang='lat'>3</span> <span class='ocrx_word' id='word_1_248' title='bbox 3020 4439 3238 4519; x_wconf 78' lang='lat'>115.</span> 
     </span>
    </p>
   </div>
   <div class='ocr_carea' id='block_1_8' title="bbox 4527 2508 4531 3587">
    <p class='ocr_par' dir='ltr' id='par_1_9' title="bbox 4527 2508 4531 3587">
     <span class='ocr_line' id='line_1_32' title="bbox 4527 2508 4531 3587; baseline 0 0"><span class='ocrx_word' id='word_1_249' title='bbox 4527 2508 4531 3587; x_wconf 95' lang='lat' dir='ltr'> </span> 
     </span>
    </p>
   </div>
  </div>
 </body>
</html>
