4559 5919
1261 567 1390 653 μ
1754 521 2464 625 HISTORIAE
2537 520 3304 622 osRHoENAE

1249 744 1695 860 Tryphon
1730 745 2025 831 occiso
2064 767 2351 856 puero
2401 743 2710 853 regio,
2751 745 2892 825 cui
2938 710 3192 827 tutor
3229 742 3475 827 datus
3514 738 3826 853 fuerat,
3963 776 3972 777 f

1251 879 1435 987 ipse
1476 903 1647 988 pro
1682 899 1896 984 rege
1952 874 2035 963 se
2087 873 2447 982 gerebat
2488 925 2513 975 ‚
2597 870 3104 982 Cleopotra
3159 891 3458 954 autem
3511 878 3823 982 regina

1114 996 1119 1001 ’
1202 992 1709 1097 ,Seleuciae
1766 1002 2166 1103 destituta
2206 1057 2232 1107 ,
2327 999 2886 1085 Antiochum
2947 996 3316 1110 Sideten
3369 997 3827 1086 Demetrii

1246 1133 1624 1218 fratrem
1680 1132 2180 1243 adnuptias
2219 1150 2310 1215 et
2352 1128 2596 1239 spem
2649 1127 2901 1239 regni
2958 1127 3418 1213 euocabat.¹
3547 1128 3679 1233 Is,
3724 1147 3824 1214 vt

1248 1280 1444 1346 erat
1480 1259 1871 1369 impiger
1910 1281 2000 1341 et
2040 1257 2291 1342 domi
2326 1255 2705 1366 bellique
2765 1254 3244 1365 probabilis
3283 1309 3313 1359 „
3396 1278 3580 1341 non
3616 1283 3822 1340 mo-

1245 1389 1377 1473 do
1411 1384 2011 1497 Tryphonem
2065 1388 2349 1471 tertio
2422 1410 2660 1470 anno
2712 1383 2910 1491 post
2967 1406 3325 1492 captum
3386 1408 3431 1466 a
3484 1383 3826 1472 Parthis

1244 1515 1836 1603 Demetrium
1877 1536 2166 1620 regno
2209 1509 2669 1622 spoliauit,
2749 1511 3189 1595 sedetiam
3227 1510 3531 1615 vrbes‚
3610 1535 3830 1626 quae

1251 1642 1764 1731 defecerant
1808 1696 1834 1744 ‚
1917 1636 2270 1752 partem
2307 1639 2571 1725 armis
2611 1693 2634 1744 ,
2695 1639 3428 1749 partemvirtutis
3466 1639 3696 1725 fama
3734 1659 3827 1727 et

1156 1804 1161 1811 ·
1251 1770 1885 1858 beneuolentia
1924 1768 2512 1880 recuperauit.
2554 1768 2804 1852 Inter
2825 1765 2975 1850 has
3004 1767 3296 1856 turbas
3314 1768 3607 1856 Parthi
3644 1772 3834 1855 ori·

1270 1897 1599 1987 entalia
1649 1918 1739 1982 et
1794 1897 2571 2009 septemtrionalia
2624 1894 3407 2007 Mesopotamiae,
3497 1897 3836 1985 Arabes

1182 2070 1233 2096 κ
1265 2024 1860 2112 occidentalia
1920 2028 2024 2110 ad
2078 2022 2161 2107 se
2216 2023 2714 2111 trahebant.
2797 2026 2917 2112 Et
2951 2023 3250 2110 Parthi
3297 2025 3649 2138 quidem
3705 2023 3830 2111 fa·

1261 2157 1434 2242 cile
1471 2153 1940 2239 firmabant
1980 2155 2494 2264 potentiam
2527 2153 2758 2237 suam
2800 2151 3304 2242 defectione
3341 2153 3684 2238 vrbium
3726 2154 3837 2241 ad

1256 2282 1836 2371 Demetrium
1877 2335 1904 2387 ‚
2003 2307 2263 2393 quem
2312 2283 2404 2366 in
2462 2282 2892 2390 Hyrcanis
2927 2306 3099 2391 pro
3161 2282 3392 2366 iusto
3449 2282 3831 2369 domino

1266 2432 1358 2497 et
1400 2436 1615 2520 rege
1660 2408 1897 2528 Syris
1936 2407 2521 2496 ostentabant.
2654 2413 2793 2515 (6)
2840 2408 3364 2495 Demetrius
3398 2435 3634 2495 anno
3676 2408 3830 2498 Se·

1261 2540 1803 2625 leucidarum
1850 2538 2259 2626 CLXXI.
2338 2533 2667 2620 bellum
2691 2558 3101 2658 mouerat
3141 2535 3479 2623 Parthis
3515 2559 3602 2623 et
3638 2542 3831 2626 An-

1266 2665 1619 2754 tiochus
1662 2665 2003 2753 Sidetes
2052 2682 2254 2749 ante
2295 2690 2620 2748 annum
2660 2665 3124 2754 CLXXIV
3163 2667 3251 2747 in
3291 2665 3640 2775 Syriam
3677 2693 3831 2753 ve-

1128 2850 1139 2853 -
1272 2797 1404 2879 nit
1443 2814 1530 2878 et
1572 2795 1770 2904 post
1809 2794 2092 2877 tertio
2132 2816 2370 2877 anno
2407 2791 3000 2902 Tryphonem
3053 2795 3391 2881 auxiliis
3432 2797 3838 2883 omnibus

1267 2923 1746 3038 spoliatum
1819 2973 1844 3025 ‚
1954 2922 2364 3029 Apamea
2425 2942 2688 3030 capta
2744 2976 2769 3026 ‚
2872 2923 3257 3008 occidit:
3335 2922 3476 3008 sub
3525 2949 3839 3009 vetem

1273 3073 1571 3138 autem
1613 3073 1851 3134 anno
1893 3070 2214 3159 quarto
2256 3105 2283 3155 ,
2360 3045 3022 3160 Seleucidarum
3062 3052 3604 3140 CLXXVII.
3688 3041 3840 3137 αεὶ-ἑ
3965 3071 3968 3078 ’

1269 3179 1558 3267 uersus
1620 3177 2058 3266 Ioannem
2104 3199 2117 3211 ·
2136 3175 2673 3287 pontificem
2742 3180 2991 3266 duxit
3074 3201 3444 3290 totaque
3518 3183 3838 3268 aestate

1277 3307 1617 3396 obsedit
1650 3301 2314 3415 Hierosolyma,

1521 3559 1768 3649 VIII.
1843 3561 2096 3649 Inter
2140 3558 2294 3646 has
2339 3561 2629 3647 turbas
2672 3565 3023 3649 oriente
3081 3563 3488 3655 disti-asto
3525 3622 3551 3671 ,
3634 3567 3840 3652 dum

1278 3690 1783 3782 Antiochus
1822 3717 2020 3775 cum
2058 3688 2562 3801 Tryphone
2589 3747 2613 3795 ‚
2659 3718 2888 3778 mox
2931 3691 3300 3778 inferior
3335 3752 3364 3800 ‚
3433 3719 3658 3780 mox
3693 3719 3835 3779 ae·-

1276 3819 1558 3933 quatis
1591 3819 1913 3903 viribus
1952 3817 2279 3901 bellum
2311 3823 2604 3925 gerit,
2686 3820 2891 3905 dum
2921 3822 3334 3930 superato
3358 3846 3472 3906 eo
3514 3825 3842 3909 Hiero·

1286 3948 1917 4057 solymitanum
1957 3948 2499 4056 persequitur
2537 4002 2561 4051 ,
2660 3949 2865 4032 dum
2920 3949 3216 4034 Parthi
3264 3951 3354 4033 in
3409 3950 3841 4060 Mesopo·

1289 4075 1561 4163 tamia
1598 4098 1886 4156 rerum
1931 4075 2278 4159 domini
2320 4076 2793 4161 continere
2827 4077 2915 4159 in
2975 4076 3391 4189 obsequio
3453 4077 3848 4169 deuidtos

1291 4223 1436 4289 aut
1480 4197 1943 4295 dedititios
1976 4258 2007 4310 ,
2089 4228 2274 4299 non
2306 4205 2398 4289 vi
2433 4206 2706 4315 magis
2738 4230 2997 4318 quam
3031 4207 3656 4298 beneuolentia
3678 4209 3845 4294 stu·-

3577 4339 3838 4442 dent,

1292 4571 3836 4616 mmm
3973 4591 3984 4600 .-

1543 4752 1653 4836 (6)
1702 4754 2023 4837 Appiana
2054 4775 2117 4844 p.
2165 4762 2307 4840 189.
