4559 5919
913 544 1005 642 E
1070 536 1276 640 NV
1267 532 1520 643 MIS
1575 540 2489 645 ILLVSTRATAE
2558 547 2798 644 LIB.
2877 552 3077 645 ΙΙΙ.
3173 569 3294 647 16
3314 589 3355 647 r

780 781 885 852 vt
925 768 1378 856 Antonius
1405 769 1706 878 Pagius
1757 788 2079 855 contra
2123 771 2609 859 Henricum
2662 768 3114 858 Norifium
3154 796 3369 859 vere

781 900 1281 983 contendit.
1411 899 1560 984 Ex
1616 923 1727 982 eo
1798 919 2269 1010 tempore,
2317 903 2520 985 dum
2568 901 2666 985 L.
2765 900 3052 986 Verus
3119 903 3375 989 vrbes

783 1025 1186 1115 defidiofi
1237 1031 1326 1111 in
1379 1052 1736 1111 morem
1803 1029 1996 1113 obit
2072 1085 2097 1133 ‚
2203 1031 2413 1114 dum
2479 1031 2977 1116 Laodiceae
3068 1052 3208 1115 aut
3262 1035 3370 1116 ad

775 1150 1228 1265 Daphnen
1270 1177 1414 1241 aut
1457 1155 2002 1241 Antiochiae
2040 1160 2222 1267 agit
2265 1213 2292 1262 ,
2372 1182 2530 1267 per
2572 1158 2954 1246 Statium
2993 1160 3369 1245 Priscum

781 1303 871 1367 et
910 1286 1328 1371 Auidium
1353 1284 1745 1372 =Caffium
1779 1306 1871 1370 et
1909 1285 2342 1372 Marcium
2363 1288 2702 1370 Verum
2735 1288 3365 1394 Cappadociae

778 1410 1265 1520 praesidem
1304 1411 1640 1497 bellum
1674 1412 2187 1498 confectum
2225 1415 2345 1499 est
2373 1470 2409 1518 ,-
2488 1414 2955 1522 Babylone
3009 1437 3101 1503 et
3144 1417 3384 1505 Cre--

774 1537 1191 1648 fiphonte
1257 1544 1604 1650 captis,
1699 1540 2177 1654 assertaque
2266 1543 2722 1629 Armenia.
2806 1545 2946 1647 (6)
3014 1544 3359 1659 Quarto

773 1688 1074 1756 autem
1143 1693 1381 1756 anno
1445 1667 2266 1774 confectum.efl‘e,
2350 1671 2916 1782 Capitolinus
2972 1673 3363 1757 testatur.

769 1793 879 1886 In
931 1818 1181 1887 tanta
1221 1800 1620 1889 Romani
1691 1799 2084 1885 nominis
2156 1798 2568 1908 fortuna,
2645 1798 3368 1911 Mesopotamiae

771 1927 1030 2016 Vrbes
1079 1927 1564 2015 victoribus
1610 1927 2012 2017 adulatae
2062 1925 2253 2015 sunt
2298 1983 2325 2034 ‚
2401 1932 2497 2015 in
2562 1928 2859 2041 quibus
2926 1927 3395 2018 Carrheui

769 2082 1123 2169 quoque
1157 2060 1239 2142 se
1279 2048 2021 2153 Philofrhomaeos
2072 2075 2165 2141 et
2221 2059 2681 2145 Aureliam
2736 2056 3049 2143 vrbem
3092 2082 3369 2147 voca·-

769 2206 977 2271 runt
1011 2188 1238 2298 apud
1285 2187 1724 2272 Ioannem
1781 2183 2270 2269 Valentem
2319 2188 2412 2268 in
2468 2185 2778 2270 numiS.
2853 2187 2994 2291 (7)
3062 2189 3365 2298 Atque

769 2314 886 2397 de
936 2313 1116 2400 hoc
1165 2314 1408 2398 bello
1469 2313 1991 2423 Corinthius
2043 2311 2245 2419 ille,
2322 2315 2562 2398 cuius
2599 2311 3006 2439 Parthica
3052 2315 3363 2399 Lucia-

769 2466 956 2528 nus·
1002 2449 1141 2547 (8)
1216 2446 1718 2554 perstringit
1784 2462 1874 2527 et
1949 2440 2212 2529 foede
2267 2439 2669 2544 lacerat,
2746 2435 3127 2527 Εδεσσα
3208 2432 3374 2556 μὲν

767 2564 887 2675 δὴ
932 2559 1105 2658 §firm
1144 2573 1322 2675 τοῖς
1359 2562 1653 2672 σ”πλοις
1705 2571 2541 2685 περιεσμαραγεῖτο,
2616 2568 2745 2655 ita
2806 2583 2994 2654 ium
3074 2565 3368 2685 ,Edcffa

765 2702 1034 2785 armis
1065 2700 1810 2813 circumstrepebat.
1858 2702 2193 2784 Verum
2218 2726 2334 2786 ex
2369 2719 2515 2783 tot
2553 2700 3124 2810 scriptoribus
3151 2754 3176 2804 ‚
3216 2701 3364 2808 qui

771 2829 1101 2921 bellum
1187 2829 1688 2916 Parthicum
1761 2855 1925 2940 per
1994 2853 2205 2914 vera
2272 2849 2367 2914 et
2449 2827 2655 2915 falsa
2734 2828 3360 2941 prodiderunt,

781 2962 1062 3047 nullus
1102 2957 1375 3047 hodie
1420 2964 1691 3048 exstat
1735 3016 1760 3066 ‚
1797 2982 1895 3047 vt
1946 2961 2230 3045 tenuis
2285 2957 2731 3044 memoria
2794 2957 3182 3070 superfit.
3220 2959 3341 3045 Et

769 3087 870 3176 L.
941 3092 1279 3177 Verum
1349 3093 1711 3203 quidem
1773 3091 1894 3175 sui
1940 3114 2244 3176 mores
2304 3088 2548 3198 Syris
2595 3090 3090 3202 ceterisque
3132 3087 3350 3172 ridi-

704 3321 708 3326 ·
771 3220 1067 3307 culum
1133 3221 1563 3332 faciebant
1632 3274 1657 3323 ‚
1711 3210 1859 3329 fhd
1912 3209 2263 3332 coaegsecto
2328 3213 2528 3301 bello
2580 3270 2606 3322 ‚
2681 3241 2935 3328 regna
3000 3213 3364 3325 regibus,

756 3354 1238 3459 prouincias
1320 3373 1526 3435 vero
1592 3346 2018 3433 comitibus
2067 3338 2246 3462 suis
2315 3343 2705 3455 regendas
2758 3345 2985 3431 dedit
3045 3342 3361 3452 Verus,

767 3497 872 3564 vt
923 3480 1040 3561 ait
1095 3478 1683 3587 Capitolinus».
1812 3480 2033 3564 Eam
2094 3478 2196 3562 ab
2250 3475 2623 3561 caussam
2692 3495 2876 3561 tam
2949 3492 3357 3559 accurate

767 3624 1316 3692 annotarunt
1365 3605 1768 3693 Edeffeni
1827 3607 1918 3688 in
2006 3604 2445 3689 chronico
2521 3609 2660 3710 (9)
2729 3605 2826 3689 L.
2884 3602 3355 3690 Caesarem

767 3761 970 3820 cum
1005 3736 1277 3823 fratre
1326 3734 2151 3824 ParthosRomanis
2189 3730 2623 3817 subiecifl‘e
2651 3787 2676 3836 ‚
2718 3757 2958 3816 anno
2991 3731 3359 3842 imperii

764 3865 1139 3975 quinto,
1218 3864 1395 3950 hoc
1433 3866 1553 3951 est
1599 3921 1624 3971 ,
1699 3867 1810 3951 A.
1873 3865 1978 3953 C.
2045 3873 2265 3968 165.
2320 3888 2496 3975 quo
2532 3886 2771 3945 anno
2810 3859 3357 3946 debellatum

768 3994 1588 4119 triumphatumque
1642 3994 1811 4083 effe
1857 3993 2266 4082 diximus.
2374 3991 2534 4116 ·M.
2625 3990 3143 4112 Antoninus
3198 4015 3352 4075 au·

1533 4143 1542 4150 ’
1975 4124 2070 4210 Χ
3158 4137 3353 4204 tem

767 4357 3313 4404 ww...-

1052 4523 1169 4604 (6)
1221 4527 1575 4602 Spartianus
1614 4529 1676 4585 in
1721 4522 1939 4587 Marco
1970 4539 2024 4585 c.
2067 4522 2133 4585 8.
2170 4525 2323 4584 etin
2351 4524 2524 4584 Vero
2559 4542 2611 4585 c.
2634 4534 2703 4599 7.
2748 4515 3086 4593 Eutropius
3110 4511 3153 4575 l.
3188 4514 3364 4574 vm·

778 4627 832 4674 c.
862 4620 919 4687 ς.
967 4615 1107 4678 Sex.
1140 4610 1337 4673 Rufus
1361 4630 1424 4671 c.
1446 4626 1555 4670 21.
1584 4608 1703 4688 (7)
1753 4608 1831 4666 de
1868 4608 2139 4668 coloniis
2164 4611 2597 4687 Imperatorum
2620 4621 2666 4671 t.
2696 4623 2755 4671 1.
2774 4623 2840 4686 p.
2870 4617 3012 4679 179.
3042 4598 3170 4679 (8)
3193 4598 3372 4676 Qo.

771 4695 957 4757 modo
985 4694 1412 4762 conscribenda
1436 4695 1675 4757 historia
1703 4709 1764 4773 p.
1801 4690 1948 4764 617.
1994 4688 2104 4774 (9)
2149 4710 2217 4774 p.
2300 4706 2458 4773 390.
