4559 5919
1167 656 1187 676 κ
1314 516 1501 615 ηε
1647 504 1658 539 ··
1749 420 2530 600 ,insi-oman
2593 486 3364 617 OSRHOENAE
3722 636 3779 691 .-

1217 940 1228 947 ‚
1295 782 1719 913 XXV.
1893 738 2356 881 &Q
2467 768 2693 890 54¹:
2757 738 3074 982 ιγ’]
3213 784 3619 957 Abgar
3671 791 3884 922 bar

1300 1019 1712 1144 Manu·
1775 1079 2263 1192 Dionysius
2338 1117 2357 1166 :
2430 1106 2633 1167 anno
2715 1091 3005 1190 2169.
3084 1079 3470 1193 regnauit
3554 1073 3883 1196 Edcffae

1013 1218 1038 1237 “
1157 1294 1166 1299 ,
1296 1192 1691 1305 Abgarus
1763 1200 2020 1295 Mani
2060 1205 2307 1314 filiics
2368 1234 2617 1295 annos.
2671 1235 2826 1319 35.
2965 1209 3250 1298 Nobis
3302 1214 3413 1295 A.
3470 1209 3881 1302 Abrahae

1307 1335 1562 1410 2168
1679 1338 1791 1421 A.
1863 1339 1969 1426 C.
2054 1362 2272 1445 153.
2348 1330 2687 1450 ‘Aprili‘
2736 1317 3065 1423 rnense.
3202 1318 3466 1423 Huius
3544 1335 3879 1453 Abguri

1299 1452 1491 1539 sunt
1533 1465 1772 1544 numi
1808 1464 1950 1548 sub
1983 1468 2080 1552 L.
2121 1468 2373 1551 Vero
2414 1487 2504 1551 et
2545 1467 2674 1552 M.
2738 1465 3117 1552 Aurelio
3160 1465 3636 1579 Antonino
3679 1466 3874 1553 cufi.

1293 1578 1532 1665 Nam
1587 1613 1784 1674 curn
1843 1591 1969 1677 M.
2014 1595 2527 1680 Antoninus
2567 1618 2613 1676 a
2644 1596 2930 1679 Nonis
2970 1591 3316 1678 Martiis
3354 1596 3465 1680 A.
3512 1593 3616 1683 C.
3653 1603 3869 1699 161.

1166 1816 1183 1839 .
1293 1710 1774 1800 Antonino
1822 1720 1978 1804 Pio
2019 1720 2393 1807 succeffit
2434 1744 2523 1806 et
2560 1719 3511 1830 XVI.Kal.AprilisA.
3542 1722 3639 1813 C.
3681 1745 3868 1832 179

1299 1835 1571 1945 obiit,
1605 1865 1698 1929 vt
1723 1846 2100 1951 ostendit
2121 1851 2503 1937 Ioannes
2526 1848 2991 1959 Vignolius
3017 1904 3040 1953 ,
3070 1869 3267 1934 tota
3290 1852 3871 1959 imperatoria

1292 1987 1530 2049 aetas
1563 1972 1651 2056 in
1683 1974 1927 2060 huius
1958 1980 2291 2090 Abgari
2328 2003 2749 2088 tempora
2783 1979 3129 2064 incidit.
3240 1978 3535 2067 Multo
3573 2001 3869 2066 autem

1294 2097 1573 2203 magis
1609 2104 1703 2186 L.
1754 2105 2000 2189 Veri.
2129 2108 2379 2216 Ergo
2450 2109 2558 2192 ad
2636 2106 2861 2192 hunc
2926 2107 3376 2216 Abgarum
3427 2104 3869 2193 referendi

1294 2218 1486 2308 sunt
1526 2233 1763 2316 numi
1791 2235 2030 2317 Lucii
2071 2254 2160 2317 et
2202 2234 2489 2322 Marci
2539 2237 2771 2344 apud
2823 2236 3253 2322 Carolum
3302 2234 3700 2318 Patinum
3774 2238 3867 2320 in

1020 2354 1101 2419 τ.
1159 2358 1263 2421 lv.
1301 2355 1844 2444 numismatis
1895 2362 2551 2471 imperatorum
2605 2366 3231 2450 Romanorum
3303 2364 3466 2468 (9)
3533 2359 3866 2445 Primus

883 2582 890 2591 ,
1063 2457 1125 2517 ³⁰
1161 2454 1233 2522 4⁶
1297 2476 1659 2568 exhibet
1694 2489 1789 2573 L.
1825 2488 2158 2575 Ver'um
2182 2542 2209 2594 ,
2262 2488 2679 2575 secundus
2718 2488 2845 2577 M.
2882 2476 3371 2577 Au'reliurn.
3438 2489 3541 2574 In
3582 2491 3868 2578 auersa

1287 2608 1733 2722 Vtriusque
1790 2617 1908 2701 est
1976 2617 2314 2726 Abgari
2358 2617 2902 2702 vultus=cum
2960 2614 3119 2701 hac
3193 2616 3770 2726 inscriptione
3843 2651 3868 2707 ε

1288 2739 1867 2834 ABFAPOC.
1963 2745 2619 2834 BACIAETC.
2749 2746 3132 2832 Ioannes
3220 2746 3704 2832 Harduinus
3770 2746 3867 2832 in

1288 2860 1651 2964 historia
1700 2875 2083 2982 Augusta
2136 2878 2345 2980 (10)
2395 2875 2623 2958 hunc
2663 2872 2789 2961 M.
2848 2874 3292 2959 Antonini
3343 2896 3700 2957 numum
3746 2872 3864 2962 fic

1288 2994 1732 3101 explicat:
1821 2995 2317 3087 Societatem
2352 2996 2439 3113 se
2477 3026 2657 3086 cum
2731 2998 3127 3085 Romanis
3202 2995 3861 3115 intffi’lAbgarus

1267 3114 1431 3204 hoc
1493 3149 1727 3212 numo
1781 3131 2172 3242 testatur:
2304 3125 2813 3216 Parthorum
2865 3126 3196 3240 regulus
3239 3184 3265 3236 ‚
3337 3140 3443 3212 vt
3487 3127 3856 3213 videtur.

1291 3246 1719 3340 Solemne
1758 3258 1932 3343 hoc
1973 3260 2089 3345 est
2124 3260 2581 3345 Harduino
2620 3315 2645 3364 ‚
2717 3257 3236 3392 societategn
3285 3257 3859 3342 barbarorum

1288 3403 1484 3465 curn
1541 3385 1970 3472 Romanis
2009 3411 2382 3495 crepare
2427 3442 2452 3491 ‚
2545 3386 2734 3469 viso
2788 3383 3080 3494 aliquo
3139 3409 3411 3468 numo
3451 3411 3648 3470 cum
3679 3386 3854 3469 im-

1288 3520 1734 3616 peratoris
1776 3532 1865 3599 et
1908 3516 2331 3626 principis
2364 3514 2716 3599 barbari.
2736 3511 2976 3598 vultu
3003 3567 3032 3617 ‚
3105 3531 3206 3597 vt
3246 3514 3614 3599 irridere
3647 3510 3850 3624 pos-

1283 3634 1387 3722 fit
1429 3639 1905 3752 scriptores
1977 3663 2063 3729 et
2121 3645 2582 3728 traducere
2616 3660 3026 3730 veterem
3082 3639 3377 3728 fidem.
3505 3641 3590 3727 Is
3627 3665 3848 3753 quo·

1286 3788 1451 3872 que
1505 3772 1593 3853 in
1650 3771 2005 3856 historia
2052 3772 2432 3879 Augusta
2517 3776 2686 3878 (1)
2775 3770 3192 3879 producit
3254 3792 3299 3853 e
3353 3791 3563 3875 gaza
3617 3768 3853 3877 regis

961 3995 966 4004 ἱ
1111 3909 1136 3934 ·“
1289 3894 1703 3980 Franciae
1743 3925 2101 3982 numum
2153 3922 2664 4008 argenteum
2706 3897 3278 4004 inscriptum:
3340 3897 3850 3982 ΛΟΥΚΙΛ-

1099 4049 1106 4056 ·
1286 4026 1459 4106 ΛΑ
1512 4024 2086 4114 CEBACTH
2143 4045 2230 4109 et
2279 4031 2370 4108 in
2428 4026 2719 4115 auersa
2772 4022 3268 4111 MANNOC
3335 4024 3848 4111 ΘΙΛΟΡΩ·

1284 4149 1671 4240 MAIOC
1733 4153 2382 4262 BACIAETC.
2526 4153 3013 4243 Harduinus
3075 4150 3188 4238 fic
3268 4149 3483 4241 satus
3554 4153 3676 4364 eil}
3739 4152 3847 4237 ad

3323 4303 3333 4308 ’
3680 4304 3847 4366 unc

1561 4625 1667 4710 (9)
1712 4644 1772 4704 p.
1796 4639 1948 4704 207.
1983 4641 2129 4708 192.
2166 4645 2227 4706 p.
2277 4642 2357 4688 ιο
2404 4632 2549 4701 780.
2595 4622 2706 4708 (ι)
2753 4640 2812 4705 p.
2853 4633 3004 4705 779.
