4559 5919
943 589 1038 703 Ε·
1096 587 1539 688 ΠΥΜΙΣ
1610 585 2510 686 ILLVSTRATAE
2576 590 2816 688 ΗΒ.
2891 590 3087 685 ΠΙ.
3172 625 3281 683 11
3306 621 3354 705 ς

810 809 1390 918 abstergendo
1439 803 1740 891 sudo‘ri
1790 806 2299 910 adhibuiss‘e,
2380 832 2576 892 eam
2617 807 2933 893 deinde
2968 805 3367 892 referen-

817 957 1010 1025 tem
1045 940 1588 1023 lineamenta
1620 932 1905 1029 vultus
1938 935 2058 1019 sui
2095 935 2506 1020 Thomae
2542 938 2952 1045 apostolo
3008 935 3364 1038 dediffe,

815 1070 961 1181 qui
1000 1065 1174 1148 hoc
1227 1065 1536 1175 pignus
1587 1064 1707 1149 sui
1758 1065 2089 1150 amoris
2138 1088 2300 1172 per
2338 1064 2907 1148 Thaddaeum
2961 1066 3372 1148 mitteret

811 1196 922 1285 ad
962 1192 1409 1298 Abgarum
1445 1218 1779 1301 regem.
1912 1190 2484 1285 Thaddaeum
2518 1192 2878 1279 Edessae
2919 1193 3145 1298 apud
3180 1193 3368 1274 To-

813 1321 1043 1409 biam
1076 1319 1502 1403 Iudaeum
1535 1319 1977 1404 diuertiffe
2020 1374 2049 1425 ,
2121 1320 2452 1405 multos
2491 1320 2809 1404 ciuium
2849 1317 3170 1401 curaffe
3199 1372 3225 1421 ‚
3270 1338 3375 1419 ,vt

812 1473 862 1538 a
898 1447 1233 1533 morbis
1266 1445 2022 1550 conualescerent,
2061 1471 2325 1557 reque
2366 1446 2475 1533 ad
2506 1448 2951 1555 Abgarum
2997 1470 3158 1554 per
3176 1448 3364 1532 Ab·

814 1575 1024 1670 dum
1109 1579 1250 1679 (6)
1307 1575 1710 1659 nunciata
1753 1628 1778 1677 ‚
1853 1572 2421 1660 Thaddacum
2475 1574 2563 1655 in
2620 1575 2905 1658 aulam
2942 1594 3375 1658 vocatum

811 1701 1074 1791 fuisse.
1208 1703 1484 1788 Venit
1523 1727 1636 1787 eo
1667 1702 2182 1791 Thaddaeus
2207 1758 2230 1805 ‚
2259 1700 2646 1813 effigiem
2684 1697 3369 1818 ἀχειροποίητον

807 1830 902 1921 in
937 1830 1291 1917 sublime
1331 1831 1653 1913 elatam
1690 1828 1972 1915 fronti
2022 1832 2635 1940 praetendens,
2767 1832 2894 1915 Ea
2946 1848 3239 1913 autem
3282 1830 3359 1910 i-

799 1980 1077 2064 mago
1146 1958 1404 2043 radiis
1446 1957 1882 2068 refulgens
1932 1957 2723 2062 lucidiffimi3‚adeo
2770 1958 3141 2067 perculit
3175 1955 3363 2043 Ab·

803 2107 1169 2196 garum,
1237 2105 1368 2187 vt,
1394 2088 1536 2196 qui
1572 2107 1830 2173 antea
1860 2085 2159 2172 solutis
2195 2088 2522 2171 morbo
2564 2087 2980 2172 membris
3031 2083 3366 2168 defixus

805 2211 1087 2299 fuerat
1121 2210 1605 2317 lectQiude
1644 2215 2208 2324 prosiliensin
2251 2215 2697 2298 occursum
2719 2215 3147 2311 miraculi,
3173 2211 3363 2296 effi·

803 2343 1047 2449 giem
1097 2340 1426 2447 capiti,
1501 2343 1820 2448 oculis,
1869 2344 2257 2425 manibus
2302 2397 2326 2444 ‚
2368 2341 2608 2425 labiis
2642 2345 3356 2450 cunt‘tisquecor-

805 2470 1051 2577 poris
1107 2469 1518 2555 membris
1551 2472 2094 2578 imponeret.
2170 2468 2436 2558 Ceffit
2486 2473 2761 2578 lepra,
2801 2470 3090 2553 solain
3113 2464 3359 2550 fron-

800 2613 899 2680 te
921 2593 1272 2701 vestigia
1294 2599 1500 2681 mali
1530 2596 1857 2683 relicta.
1956 2592 2308 2683 Eodem
2347 2594 2774 2692 miraculo
2797 2595 3015 2682 alios
3036 2595 3355 2679 deinde

801 2721 1153 2809 sanatos
1174 2720 1563 2809 referunt
1610 2777 1635 2826 ,
1684 2724 2197 2833 praesertim
2221 2749 2455 2828 eum,
2510 2725 2655 2836 qui
2684 2725 3017 2834 primus
3036 2722 3360 2805 famam

809 2853 920 2934 de
956 2850 1308 2940 Christo
1380 2853 1485 2934 ad
1536 2853 1985 2962 Abgarum
2058 2853 2544 2963 pertulerat
2582 2907 2606 2957 ‚
2682 2851 3076 2962 podagra
3117 2848 3354 2932 leua-

798 2997 1050 3069 tum:
1121 2982 1575 3090 Abgarum
1609 3006 1808 3064 cum
1883 2982 2261 3088 coniuge
2292 2973 2751 3090 liberisque
2788 2999 2878 3063 et
2934 2998 3138 3062 tota
3188 2980 3355 3062 do·-

801 3132 966 3194 mo
1014 3110 1551 3219 baptizatum
1592 3162 1617 3211 ‚
1677 3109 1901 3193 istius
1954 3135 2300 3217 quoque
2334 3111 2786 3218 vestigium
2830 3106 3219 3191 maculae
3263 3126 3352 3189 et

803 3236 1373 3344 turpitudinis
1407 3239 1497 3320 in
1532 3233 1835 3318 fronte
1892 3234 2281 3320 amisiffe.
2410 3240 2537 3322 At
2579 3237 3056 3337 cedi-enm,
3092 3259 3351 3342 quem

795 3360 1052 3469 supra
1086 3363 1390 3448 testem
1429 3364 1812 3471 produxi
1905 3415 1934 3465 ‚
2007 3362 2458 3471 Abgarum
2513 3362 2849 3466 scribit,
2929 3365 3121 3472 post
3163 3362 3352 3471 epi-

800 3487 1116 3571 stolam
1153 3516 1198 3571 a
1235 3489 1592 3576 Christo
1634 3510 2083 3597 receptam
2116 3548 2145 3594 ,
2204 3490 2556 3574 sanitati
2610 3492 3105 3575 restitutum
3145 3491 3345 3574 fuis·

800 3612 1301 3716 se‚macula
1353 3642 1521 3698 vna
1560 3617 1648 3696 in
1686 3613 1932 3698 vultu
1975 3615 2275 3700 relieta
2326 3671 2349 3717 ‚
2437 3641 2652 3724 quae
2698 3618 2787 3698 in
2824 3616 3352 3726 baptismate

799 3740 1124 3828 sublata
1158 3739 1444 3824 fuerit.
1578 3739 2019 3844 Prospere,
2065 3739 2218 3826 nisi
2248 3744 2584 3851 lapides
2606 3742 2905 3845 sumus,
2948 3743 3348 3855 etfiquid

801 3864 1234 3952 humanae
1274 3870 1589 3953 mentis
1633 3868 1879 3953 nobis
1911 3868 2306 3956 relietum
2346 3869 2463 3953 est
2517 3923 2541 3973 ‚
2621 3871 2765 3954 vbi
2829 3869 3345 3957 alterutram

801 3996 1410 4100 narrationem
1467 3995 1817 4082 alterius
1869 4016 2129 4122 tanto
2186 3997 2682 4090 discrimine
2730 4001 3345 4089 conculcatam

1968 4124 2031 4212 P
2107 4151 2160 4212 2
3143 4161 3342 4222 cer-

937 4369 3317 4410 mmm

1032 4437 1142 4524 (6)
1185 4439 1371 4500 nstin
1398 4434 1830 4510 constantiam
1877 4418 2014 4511 διά
2049 4446 2260 4522 τινος
2299 4422 2459 4513 τῶν
2484 4421 2709 4509 duri?
2733 4421 3103 4525 δυναςῶν
3135 4437 3211 4513 Α
3220 4461 3342 4543 μ..

795 4537 913 4632 ὃς
975 4553 1189 4629 καλε
1269 4540 1448 4649 ἔνθ,
1529 4565 1636 4636 vbi
1664 4564 1814 4641 lego
1845 4542 2093 4632 Αξδῖἕ
2126 4601 2152 4650 2
2232 4579 2305 4625 vt
2372 4582 2581 4626 nomen
2624 4564 2699 4626 fit
2734 4568 3042 4646 Syriacum
3082 4610 3102 4644 ,
3165 4586 3228 4629 et
3253 4576 3334 4639 it.

797 4680 874 4726 vt
902 4662 1053 4745 apud
1079 4667 1176 4730 Eu
1205 4663 1396 4727 ebium
1427 4663 1742 4731 exstattest
1766 4672 1921 4727 enim
1953 4665 2290 4727 litterarum
2334 4668 2568 4730 illarum
2604 4673 2666 4732 in
2694 4668 2957 4740 MSStin
2989 4672 3339 4756 quibusdum
3470 4679 3483 4694 “

794 4743 996 4830 form
1015 4754 1246 4823 unnim
1277 4746 1568 4824 difflant·
1593 4793 1616 4830 .
1662 4752 1829 4833 quod
1851 4745 2282 4825 Combefiflum
2309 4745 2547 4822 fefellit
