4559 5919
845 547 931 644 E
996 537 1446 688 NVMis
1532 531 2435 638 ILLVSTRATAE
2504 541 2734 642 Lm
2814 545 2928 640 V.
3039 581 3233 667 ³42

642 766 1079 878 stipiente
1116 820 1141 870 ‚
1220 759 2091 852 Antiochiam-venit
2120 763 2511 873 et-Rege
2537 769 3247 875 praeseme‚cum

624 890 1185 983 ·Boamundo
1259 895 1737 978 amicitiam
1789 883 2300 978 restaurauit
2343 946 2369 994 ‚
2457 893 2726 978 fidem
2800 896 3244 1003 promisit.

644 1023 1083 1110 Interfuit*
1112 1028 1225 1111 A.
1273 1020 1380 1111 C.
1432 1044 1716 1126 1127.
1788 1025 1932 1128 (3)
2002 1022 2578 1131 expeditioni
2654 1022 3244 1130 Francorum,

644 1178 865 1263 quae
912 1150 1128 1237 nihil
1178 1151 1587 1236 Vtilitatis
1645 1151 1736 1232 in
1775 1175 1966 1234 rem
2027 1150 2611 1240 Christianam
2681 1151 3241 1261 importauit.

579 1288 583 1293 ’
644 1273 761 1369 Et
806 1282 1106 1392 postea
1142 1279 1675 1368 Boamun'do
1712 1280 1812 1362 ab
1845 1280 2226 1390 Haleppi
2261 1279 2713 1390 praefecto
2752 1280 3038 1384 mese,
3065 1283 3247 1371 Re-

644 1413 984 1522 gemin
1032 1410 1421 1519 pacanda
1476 1408 1964 1497 Antiochia
2025 1409 2271 1495 iuuit.
2345 1416 2482 1528 (4)
2623 1409 2769 1494 Ad
2808 1387 3251 1520 Halepum

638 1538 1148 1649 (Halapiam
1224 1560 1496 1623 vocat
1582 1536 2102 1646 Villermus)
2175 1563 2536 1647 grauem
2609 1539 2892 1621 casum
2966 1539 3246 1623 subiit.

630 1667 884 1755 Nam
924 1692 1121 1752 cum
1164 1687 1499 1752 turrem
1545 1689 1597 1748 e
1632 1667 1915 1751 crudis
1940 1666 2359 1752 lateribus
2395 1664 3037 1752 suffodiendam
3094 1692 3250 1751 cu·
3301 1715 3310 1732 ·

634 1814 886 1881 taret
935 1851 959 1899 ,
1040 1796 1421 1906 collapsa
1485 1816 1782 1899 turre,
1830 1796 2011 1878 eius
2051 1797 2301 1880 ruina
2366 1817 2658 1904 prope
2693 1795 3072 1878 obtritus
3094 1796 3244 1883 est.

648 1922 1354 2012 semimortuum
1403 1947 1736 2030 magno
1771 1923 2081 2007 labore
2123 1922 2456 2008 milites
2491 1949 2537 2007 e
2575 1925 2843 2007 ruinis
2880 1944 3243 2034 protra·
3371 1970 3388 1980 ·

638 2073 1003 2148 xerunt.
1182 2056 1325 2157 (5)
1360 2053 1497 2137 Ex
1533 2075 1645 2133 eo
1689 2050 1874 2134 casu
1915 2052 2026 2136 A.
2074 2051 2178 2136 C.
2233 2079 2272 2148 ι
2306 2080 2342 2132 1
2370 2081 2420 2157 3
2447 2080 2525 2136 1.
2570 2053 2807 2136 kefin
2854 2055 3245 2161 grauiter

646 2181 983 2266 adfixus
1037 2199 1228 2265 erat
1301 2235 1326 2283 ‚
1404 2204 1602 2264 cum
1644 2180 2001 2261 nuncius
2076 2178 2368 2263 attulit
2427 2232 2453 2281 ‚
2536 2178 2992 2264 Sultanum
3031 2182 3242 2266 Ico-

644 2310 1039 2395 niensem
1058 2302 1404 2423 Creffum
1422 2310 1785 2393 castrum
1805 2305 2238 2407 (Marinus
2264 2305 2663 2412 sanutus,
2687 2300 3078 2421 Croiffon)
3098 2318 3247 2418 (6)

651 2437 1093 2524 obsediss‘e.
1180 2439 1488 2524 Filium
1531 2438 1639 2521 ad
1679 2434 1761 2528 se
1801 2452 2070 2519 vocat
2123 2435 2651 2520 lescelinum
2694 2490 2720 2539 ,
2803 2435 3239 2544 ostendit,
3295 2509 3306 2524 .

642 2593 824 2680 quo
865 2569 955 2650 in
972 2563 1483 2651 'discrimine
1518 2589 1652 2649 res
1670 2561 1975 2670 efflent,
1996 2563 2169 2647 iret
2193 2585 2283 2647 et
2304 2559 2650 2649 h‘ostem
2671 2563 3163 2672 depelleret
3185 2590 3239 2652 a

610 2695 1256 2782 ‘munimentis
1331 2694 1539 2799 Ille,
1576 2714 1674 2779 vt
1720 2710 1911 2776 etat
1951 2694 2261 2800 segnis,
2310 2690 2689 2777 hostium
2741 2693 3244 2779 multitudi-

650 2851 857 2909 nem
902 2822 1279 2908 tollebat
1316 2823 1606 2907 verbis
1648 2821 1994 2924 multi5‚
2076 2839 2418 2918 metum
2468 2821 2930 2930 degeneris
2965 2823 3240 2911 animi

642 2976 836 3037 non
879 2950 1423 3037 dissimulanS.
1594 2953 1722 3036 Ea
1764 2976 1861 3035 re
1915 2948 2503 3036 vehementer
2549 2951 2929 3035 indoluit
2982 2971 3240 3062 patet

640 3102 739 3166 et
794 3101 892 3165 vt
950 3083 1058 3164 ad
1090 3101 1603 3166 ‘extremum
1642 3082 2070 3163 virtutem
2114 3077 2355 3181 filio,
2405 3079 2727 3163 ciuibus
2765 3081 3236 3165 caritatem

648 3209 1115 3295 exhiberet
1154 3267 1179 3313 ,
1252 3207 1807 3315 copias-cogi
1845 3206 2083 3289 iubet
2110 3259 2136 3307 ,
2182 3208 2365 3314 ipse
2401 3207 2490 3287 in
2529 3207 2836 3293 leetica
2878 3209 3237 3299 decum-

645 3339 771 3424 bit
819 3393 843 3441 ‚
926 3358 1019 3422 et
1059 3341 1148 3421 in
1185 3337 1600 3421 barbaros
1638 3335 1913 3420 vadit.
2059 3333 2166 3417 In
2217 3336 2360 3419 via
2398 3333 2852 3424 Gauii-idus
2887 3361 3235 3446 cogno-

645 3468 889 3561 mine
935 3465 1420 3563 Monachus
1460 3464 1844 3548 occurrit
1879 3533 1904 3570 ,
1978 3462 2124 3569 qui
2169 3463 2629 3551 nunciabat
2665 3520 2690 3571 ‚
2766 3467 2872 3547 ad
2907 3465 3236 3563 famam

638 3572 1069 3678 ³aduentus
1120 3596 1302 3679 eius
1328 3591 1793 3697 ⁸Sultanum
1837 3586 2296 3676 obfidione
2327 3592 2609 3677 soluta
2633 3647 2682 3697 -‚
2761 3596 3111 3704 trepide
3145 3596 3234 3680 se

646 3722 1206 3833 proripuiffe.
1337 3723 1563 3809 Tum
1606 3744 1828 3803 vero
1865 3717 2339 3809 losceliuus
2379 3777 2405 3825 ,
2487 3748 2746 3834 quem
2786 3723 3020 3809 vires
3054 3725 3235 3809 iam

646 3852 1174 3939 deficiebant
1220 3905 1245 3956 ‚
1321 3851 1719 3935 lecticam
1794 3848 2251 3956 deponere
2296 3851 2531 3934 iubet
2598 3853 2690 3934 in
2744 3869 3077 3938 terram
3138 3871 3232 3939 et

644 3980 990 4067 sublatis
1037 3983 1129 4064 in
1167 3977 1508 4090 caelum
1546 3975 1938 4087 manibus
1957 4030 2005 4085 ,-
2044 3981 2282 4089 quod
2319 3977 2620 4068 hostes
2655 3981 2926 4068 etiam
2964 3981 3231 4069 semi·

2921 4152 2931 4163 ·
2974 4136 3228 4198 mor·

651 4334 669 4353 ι
700 4320 719 4339 ”
1599 4342 1603 4370 Ι
3163 4342 3168 4347 -

810 4400 942 4478 (3)
1006 4405 1323 4467 anermus
1350 4420 1407 4482 p.
1448 4407 1593 4482 348.
1668 4406 1793 4483 (4)
1852 4406 2006 4464 ldem
2038 4407 2177 4487 850.
2228 4403 2340 4487 (ς)
2377 4408 2460 4471 ld.
2487 4424 2547 4487 p.
2587 4407 2726 4486 853.
2817 4408 2944 4484 (6)
2993 4408 3232 4472 Tabura

636 4483 1101 4562 Peutingeriana
1126 4486 1198 4545 ab
1241 4486 1475 4548 Arfinia
1509 4494 1671 4554 xvi.
1714 4489 1799 4552 Ἃ.
1830 4492 1887 4553 Ρ.
1921 4491 2175 4564 (ῖοίςῙαηι
2206 4490 2387 4563 habet
2425 4533 2451 4564 ‚
2503 4509 2532 4547 a
2568 4486 2770 4550 consa
2817 4492 2887 4553 ad
2916 4489 3234 4561 Castellum

638 4568 858 4631 ‚ditium
885 4613 913 4648 ,
960 4574 1060 4635 Ad
1110 4571 1410 4653 Tigrim,
1469 4591 1658 4656 prope
1691 4573 1926 4637 numum
1955 4578 2079 4638 eius
2115 4578 2369 4640 nominis
2397 4574 2654 4643 xxva.
2681 4572 2774 4644 M-
