4559 5919
1338 615 1449 703 .3
1471 600 1599 702 ³⁶
1738 513 1767 526 ’
1969 521 2676 716 fflsronrass
2743 573 3582 684 osnnorzmt·
3685 581 3696 590 ·

1390 825 1603 886 num
1644 801 2198 891 inclinarent.
2337 801 2725 890 Multum
2762 802 2914 888 hic
2941 801 3214 890 valuit
3251 800 3678 910 sr‘multaS,
3725 826 3984 914 quam

1390 931 1713 1028 dudum
1750 930 1985 1016 suiffe
2032 933 2272 1017 inter
2303 923 2849 1022 ‘Balduinum
2899 953 2994 1016 et
3045 931 3570 1020 loscelinum
3627 934 3981 1018 tradidi.

1384 1059 1479 1146 N
1483 1059 2178 1168 amIoscelinum,
2199 1061 2432 1144 cuius
2452 1062 2872 1148 testataet
2894 1061 3238 1146 illustris
3260 1082 3448 1146 erat
3471 1063 3979 1172 prudentia,

1388 1211 1575 1272 non
1594 1189 2051 1273 videbatur
2070 1189 2646 1276 aduersarium
2673 1191 3487 1295 commendaturus,
3539 1188 3690 1271 nifi
3708 1185 3985 1274 virtus

1381 1315 1788 1402 Balduini
1822 1319 2106 1427 etipsa
2127 1316 2572 1402 neceffitas
2593 1317 2859 1402 isthuc
2892 1317 2995 1401 ab
3038 1342 3154 1402 eo
3193 1319 3776 1425 exprimeret.
3845 1318 3987 1404 Ita

1383 1443 2308 1554 suffragiainloscelini
2349 1446 2876 1530 sententiam
2913 1446 3103 1529 sunt
3126 1444 3332 1529 lata.
3374 1445 3563 1529 Fuit
3586 1470 3980 1558 corpore

1386 1599 1815 1683 procem,
1865 1574 2147 1659 vultus
2186 1574 2418 1658 virili
2452 1575 2809 1674 decore,
2858 1571 3187 1681 capillo
3231 1571 3501 1677 flauo,
3544 1577 3774 1657 canis
3815 1576 3978 1659 mi-

1386 1702 1519 1792 sto
1562 1724 1651 1787 et
1695 1727 1951 1807 raro,
2044 1726 2240 1786 rara
2279 1702 2498 1786 item
2519 1700 2825 1803 barba,
2907 1718 3213 1783 tamen
3248 1702 3354 1786 ad
3389 1706 3687 1812 peetus
3719 1702 3978 1817 Vsque
4071 1743 4088 1752 -

1390 1831 1794 1937 demissa,
1874 1829 2314 1934 clemens,
2389 1829 2844 1940 religiosus
2861 1846 2886 1933 3
2960 1828 3374 1942 impiger.

1626 2092 1881 2181 XIX.
1954 2057 2410 2206 Postquam
2454 2091 2560 2176 de
2601 2117 2886 2203 regno
2917 2093 3688 2204 eratconstituturn
3717 2148 3741 2198 ,
3772 2087 3975 2179 Bal·
4139 2059 4172 2101 ³

1390 2221 1692 2308 duinus
1750 2228 1947 2313 Rex
1998 2221 2524 2320 lescelinum
2566 2221 2672 2305 ad
2727 2222 2809 2307 se
2848 2242 3120 2307 vocat
3161 2244 3251 2306 ct
3308 2222 3696 2305 amicitia
3751 2245 3974 2305 con-

1382 2347 1763 2457 firmata,
1785 2350 2206 2438 vexiilum
2229 2348 2754 2437 Edefl‘enum
2775 2376 2938 2462 que
2965 2349 3038 2437 C
3051 2351 3530 2433 omitatum
3572 2352 3648 2434 ei
3674 2349 3971 2434 tradit.

1385 2484 1529 2582 (6)
1598 2481 1825 2564 Tum
1888 2479 2404 2590 Morphiam
2459 2503 2846 2574 vxorem
2901 2495 2992 2561 et
3051 2498 3227 2562 tres
3319 2478 3532 2563 filizis
3574 2533 3601 2582 ‚
3699 2476 3996 2566 mnis-

1385 2605 1785 2715 sendam,
1863 2610 2153 2695 Halim
2196 2627 2285 2692 et
2321 2608 2872 2693 Hodiernam
2903 2605 3212 2696 Edessa
3257 2607 3604 2691 deducit
3644 2608 3974 2692 Hiero·

1389 2737 1793 2846 solyma:
1832 2742 1970 2844 (7)
2038 2740 2332 2839 Iueta,
2373 2741 2678 2847 quarta
2718 2739 3032 2821 deinde
3080 2753 3284 2819 nata
3337 2737 3453 2820 est
3494 2788 3520 2839 ‚
3617 2735 3787 2819 iam
3826 2765 3970 2823 re-

1382 2895 1492 2980 ge
1548 2865 2014 2955 Balduino.
2183 2867 2491 2950 Pacata
2560 2864 2753 2949 satis
2813 2865 3069 2949 initia
3143 2885 3330 2948 tum
3391 2866 3590 2952 Rex
3633 2918 3658 2970 ‚
3776 2883 4022 2949 tum·

1379 2995 1859 3084 lescelinus
1914 3000 2256 3086 Comes
2316 2992 2698 3078 habuere
2741 3049 2767 3097 ‚
2858 2994 3120 3103 Vsque
3174 2994 3280 3077 ad
3334 2996 3447 3079 A.
3510 2993 3615 3081 C.
3683 3022 3967 3091 1122.

1384 3150 1584 3208 cum
1640 3125 2116 3210 lescelinus
2159 3143 2250 3207 et
2307 3123 2501 3232 post
2561 3121 2860 3232 paullo
2914 3121 3382 3208 Balduinus
3458 3125 3660 3210 Rex
3731 3128 3970 3234 capti

1377 3256 1569 3344 sunt
1604 3285 1649 3341 a
1686 3253 2043 3342 Balaco.
2120 3255 2290 3340 Hic
2329 3251 2471 3363 qui
2504 3250 2658 3353 fit,
2699 3248 3192 3360 Gregorius
3229 3249 3761 3336 Malatienfis
3805 3277 3968 3338 nos

1385 3386 1718 3471 docuit.
1864 3387 2001 3490 (8)
2109 3381 2194 3467 Is
2250 3382 2490 3464 enim
2569 3381 3065 3464 memoriae
3137 3379 3613 3489 prodidit,
3725 3384 3962 3489 quod

1377 3526 1624 3631 ὠ)
1785 3586 1802 3605 ,
1852 3600 1866 3616 ‚
2022 3523 2196 3647 ὡς»
2351 3546 2482 3647 U?
2621 3508 2814 3609 en?
2936 3505 3200 3595 Balak
3334 3506 3477 3591 ben
3594 3505 3962 3594 Bahram

1322 3642 1521 3742 „ben
1555 3554 1882 3746 01·τὲἐῖ
1957 3665 2155 3724 cum
2201 3637 2533 3722 viderit
2586 3633 3239 3724 Badroddaulam
3292 3629 3777 3721 Solimanum
3822 3635 3963 3723 ben

1377 3768 1648 3860 Abdol
1694 3770 2011 3859 labben·
2064 3764 2206 3850 ben
2263 3760 2539 3855 Ortok
2606 3763 3107 3875 patruelem
3175 3764 3481 3851 Halebi
3553 3764 3960 3850 defidiam

1383 3927 1648 4013 agere
1685 3907 1793 3989 A.
1839 3902 1944 3986 H.
1995 3917 2220 4002 517.
2279 3897 2392 3982 A.
2450 3894 2557 3982 C.
2624 3921 2911 4017 1123.
2986 3921 3030 3978 a
3087 3899 3239 3975 28.
3296 3892 3543 3979 Febr.
3621 3895 3799 3979 eius
3870 3897 3958 3977 in

1377 4034 1939 4147 prouinciam
1984 4020 2421 4135 profee'tus
2458 4022 2885 4109 Halebum
2909 4025 2998 4109 vi
3045 4023 3415 4130 ceperit.
3552 4021 3962 4108 Albertus

1374 4157 1798 4273 Aquenfis
1851 4158 1989 4265 (9)
2066 4149 2338 4237 tradit
2373 4203 2398 4253 ‚
2493 4171 2731 4233 anno
2764 4152 3140 4236 secundo
3174 4149 3618 4255 Balduini‚
3657 4154 3954 4261 primo

1372 4288 1799 4410 paschatis
1839 4285 2003 4392 die,
2039 4270 2543 4368 Iozelinurh
2582 4303 2769 4364 non
2804 4277 3099 4369 leuem
3121 4276 3460 4364 cladem
3482 4278 3956 4496 pertulige.

3868 4439 3953 4497 a-
