4559 5919
856 577 943 684 Ε
1008 492 1461 681 ΝῨΜῙΒ
1529 553 2431 673 ILLVSTRATAE
2494 553 2746 674 HR·
2809 575 2924 674 V.
3019 595 3220 702 303

862 779 1122 891 vm.
1182 813 1193 828 '
1256 794 1567 888 Caufi‘a
1605 792 2034 883 redeundi
2066 792 2424 883 videtur
2461 792 3031 886 tumultnsin
3078 824 3233 887 vr·

616 927 736 1016 be
772 928 1044 1016 fuifl‘e.
1180 927 1420 1016 Nam
1436 923 1847 1015 Edeffeni
1881 924 2567 1016 Constantinum
2605 927 3035 1039 quendam
3058 953 3231 1016 no-

614 1055 900 1143 ·bilem
978 1073 1097 1142 et·
1130 1075 1621 1168 potentem
1674 1056 1970 1142 virum
2006 1110 2036 1164 ‚
2106 1053 2390 1164 qui-in
2424 1053 2740 1142 vicinis
2775 1056 3230 1145 montibus

622 1183 969 1272 castella
1008 1181 1385 1270 habebat
1422 1239 1450 1292 ,
1525 1186 2074 1289 accinctam,
2119 1205 2504 1310 quocum
2547 1182 2657 1266 de
2693 1184 3224 1272 interimen-

620 1311 746 1398 do
789 1308 1245 1425 praescito
1280 1315 1484 1398 sene
1526 1309 1988 1398 confilium
2031 1312 2501 1396 iniuerunt.
2571 1314 2715 1420 (8)
2767 1314 3049 1400 Arma
3071 1339 3218 1402 ca·
3347 1389 3352 1396 ,

619 1441 876 1552 piunt
911 1494 939 1550 ‚
1016 1463 1216 1551 pars
1268 1442 1588 1525 turrim
1631 1441 1722 1524 in
1759 1462 1925 1551 qua
1963 1437 2230 1525 senex
2268 1438 2582 1546 agebat
2638 1492 2669 1546 ,
2733 1441 3103 1553 cingunt
3176 1494 3212 1551 ,

610 1587 820 1681 pars
894 1566 1456 1656 circumstant
1487 1565 2017 1654 Balduinum
2060 1618 2088 1671 ,
2170 1565 2646 1652 ostendunt
2695 1598 2718 1654 ε
2794 1555 3246 1681 quantum'

609 1695 768 1783 ille
805 1695 1074 1785 senex
1109 1697 1203 1782 in
1244 1697 1570 1783 ciuium
1612 1692 1881 1781 salute
1927 1711 2020 1779 et
2074 1690 2620 1780 facultatibus
2671 1693 2823 1781 fibi
2877 1698 3221 1808 permi-

610 1821 879 1913 serit;
968 1841 1070 1912 vt
1105 1877 1134 1931 ,
1211 1822 1277 1910 fi
1312 1824 1522 1938 quid
1556 1822 2010 1938 conquesti
2044 1820 2214 1909 fint
2255 1873 2283 1927 ,
2356 1823 2439 1906 T
2438 1845 2684 1908 urcas
2719 1823 3218 1931 vicinos‚ad

611 1953 924 2039 vineas
978 1975 1413 2063 agrosque
1488 1951 2207 2065 corrumpendos
2257 2005 2287 2058 ‚
2364 1951 2736 2063 denique
2792 1953 3068 2039 etiam
3103 1951 3217 2041 ad

609 2079 983 2165 caedem
1063 2078 1531 2167 immiserit
1588 2108 1610 2165 ι
1685 2078 1970 2165 adeffe
2029 2096 2387 2187 tempus
2437 2077 2703 2163 iustae
2737 2081 3210 2170 vindie'tae.

610 2199 911 2317 Negat
931 2204 1083 2293 ille
1119 2206 1296 2293 sese
1333 2207 1807 2322 quidquam
1845 2205 2274 2318 suscipere
2293 2204 2544 2293 velle
2564 2205 2652 2288 in
2696 2229 2895 2291 eum
2905 2209 3087 2319 ,qui
3122 2208 3211 2298 se

612 2331 778 2419 filii
820 2335 911 2422 in
950 2331 1255 2422 locum
1294 2332 1870 2449 adoptauerit
1907 2390 1936 2442 ‚
2001 2325 2557 2444 colloquium
2599 2330 2753 2420 fibi
2791 2336 3210 2446 permitti

608 2462 887 2573 cupit.
1020 2463 1151 2551 Vt
1192 2464 1301 2548 ad
1337 2462 1635 2550 senem
1673 2461 1927 2548 venit
1979 2462 2078 2547 in
2133 2463 2456 2548 turrim
2497 2513 2527 2567 ,
2603 2462 2783 2550 iam
2820 2464 3201 2551 circum·

607 2586 779 2674 fusa
812 2587 1301 2678 multitudo
1334 2593 1525 2679 vim
1566 2588 1970 2675 tentabat
2009 2611 2030 2669 z
2068 2609 2391 2676 contra
2423 2591 2694 2679 senex
2743 2590 3206 2680 recludere

531 2744 534 2747 ·
606 2714 1062 2803 thesauros
1103 2772 1132 2824 ,
1206 2712 2095 2832 omnia-concedere
2161 2718 2600 2809 Balduino
2642 2770 2672 2824 ‚
2761 2717 2825 2806 fi
2876 2718 3029 2806 fibi
3065 2721 3204 2806 in·

605 2844 946 2930 columi
981 2847 1247 2933 liceat
1302 2848 1541 2932 abire
1581 2846 1673 2931 in
1715 2843 2113 2941 exilium..
2259 2845 2570 2936 Prodit
2609 2849 2717 2935 ad
2758 2848 3200 2959 populum

605 2971 1196 3086 deprecator,
1271 2976 1422 3062 vbi
1461 2971 1679 3060 nihil
1715 2970 2077 3087 proficit
2088 2993 2188 3082 ‚a
2219 2973 2423 3063 sene
2461 2975 2834 3062 dimissus
2869 2980 3199 3067 est.Hic
3225 3082 3242 3093 f

600 3100 964 3187 interim
992 3098 1589 3189 occultoloco
1623 3099 1919 3187 sunem
1947 3101 2048 3186 ab
2068 3128 2268 3187 arce
2309 3106 2688 3188 dimittit
2712 3127 2944 3190 eoue
2966 3105 3192 3193 effu-

598 3251 810 3339 gere
843 3246 1164 3316 tenta&
1208 3228 1384 3317 Sed
1409 3226 1821 3317 Edeffeni
1855 3226 2412 3313 defilientem
2445 3230 2774 3342 sagittis
2809 3232 3190 3318 confici·
3255 3300 3264 3307 .

596 3377 784 3464 unt,
804 3377 1068 3466 caput
1085 3356 1235 3442 a'm‘
1236 3375 1550 3469 putant
1575 3373 1667 3439 et
1685 3353 1920 3442 hasta
1936 3352 2335 3440 suffixum
2357 3380 2522 3466 per
2545 3380 2860 3445 omnes
2880 3361 3187 3473 regio·

598 3481 3189 3601 nesvrbiscircumferunt.GuibertusAbbas‚(9)credoquod
3311 3592 3334 3603 ,-

601 3634 803 3696 eum
844 3608 1311 3722 suppuduit
1368 3666 1399 3716 ,
1480 3638 1527 3695 a
1567 3611 2001 3698 Balduino
2036 3629 2389 3720 patrem
2444 3614 2903 3723 proditum
2946 3614 3188 3706 filiffe

596 3738 705 3825 ad
742 3737 1104 3823 caedem
1134 3793 1164 3847 ,
1237 3736 1519 3824 multa
1557 3757 2129 3824 commentus
2164 3738 2312 3822 est.
2462 3742 2697 3831 Nam
2742 3761 2835 3827 et
2877 3742 3176 3834 senem

456 3969 469 3977 ⁶
596 3886 685 3953 et
725 3864 1245 3954 Balduinum
1304 3870 1617 3955 eadem
1674 3866 1767 3949 in
1821 3889 2026 3951 arce
2084 3865 2506 3951 obsess‘um
2545 3864 2782 3956 suiffe
2822 3872 3108 3979 scribit
3144 3929 3178 3982 ,

512 4062 519 4071 .
593 4010 786 4079 tum
864 3990 1094 4077 hunc
1167 4020 1416 4082 arma
1470 3992 1807 4107 parass'e
1850 4047 1879 4098 ,
1950 3993 2405 4085 retinuisse
2461 3995 2758 4084 multis
2813 4024 3009 4087 cum
3048 4000 3177 4088 la-

594 4119 923 4229 crymis
959 4120 1259 4207 senem
1299 4176 1327 4228 ‚
1402 4118 1824 4232 prodiifl'e
1864 4123 1971 4207 ad
2011 4124 2448 4233 populum
2485 4145 2576 4211 et
2614 4151 2791 4235 pro
2829 4128 2912 4215 se
2954 4128 3177 4214 nihil

589 4252 1221 4363 deprecatum,
1288 4250 1700 4345 Balduini
1734 4251 1976 4338 vitae
2012 4270 2115 4339 vt
2154 4271 2631 4366 parcerent
2676 4254 2980 4340 orafl‘e.
3040 4261 3194 4375 At,

2929 4380 3180 4469 ,Ρω-

751 4671 886 4759 Q)
927 4671 1342 4741 vinemuset
1360 4673 1662 4741 Aberta·
1687 4671 1985 4758 Aquenfi·
2005 4671 2161 4739 loci:
2179 4677 2400 4740 citans.
2435 4673 2574 4761 ,(9)
2601 4691 2664 4757 p.
2690 4672 2884 4759 496.-
