4559 5919
830 547 913 641 Ε
978 534 1430 639 Ners
1500 418 2432 635 ιιινεΤΚΑΤᾸΕ
2469 535 2704 633 ΜΒ.
2784 535 2958 629 IV.
3082 572 3120 628 1
3141 562 3271 651 9⁷

702 786 891 848 :um
934 784 1276 846 corona
1327 757 1665 841 radiata
1722 775 1812 839 et
1866 752 2429 843 Mammaeae
2477 702 2726 838 vultu
2764 807 2790 858 ,
2882 751 3040 839 hac
3081 756 3274 866 epi-

693 890 1088 1001 graphe:
1196 890 1365 972 lM.
1453 888 1562 972 A.
1664 884 1767 973 C.
1884 882 2767 975 ΑΛΕΞΑΝΔΡΟΕ.
3147 947 3170 972 .
3249 947 3270 968 .
3307 917 3386 982 T.
3423 919 3538 988 vr.

689 1025 777 1105 in
832 1017 1116 1103 auersa
1185 1040 1391 1159 gen}
1397 1038 1488 1097 us
1541 1015 1772 1100 vrbis
1833 1012 2164 1101 fistrum
2220 1032 2475 1098 tenet
2527 1015 2635 1098 ad
2685 1038 2924 1097 aram
2969 1068 2997 1117 ,
3076 1040 3274 1099 cum
3373 1001 3439 1069 6·

696 1149 1021 1233 maiori
1059 1169 1147 1235 et
1202 1168 1540 1229 mmon
1575 1142 1903 1247 fidere,
1979 1140 2498 1251 inscriptus,
2582 1143 2960 1228 ...HT
2999 1144 3272 1230 KOA.

691 1276 967 1363 ΕΔΕ.
1048 1338 1067 1356 .
1148 1336 1168 1355 .
1302 1273 1552 1358 Hune
1624 1296 1985 1359 numum
2066 1272 2451 1357 Ioannes
2537 1271 2862 1354 Valens
2927 1299 3342 1385 quoque⁸

698 1401 955 1487 habet
981 1459 1006 1509 ,
1031 1400 1302 1487 itaad
1338 1401 1629 1510 capita
1668 1401 2236 1509 imperatoris
2272 1418 2361 1482 et
2403 1399 3275 1512 matrisinscriptum:
3327 1410 3338 1415 ”

696 1532 968 1620 ΑΥΤ.
1080 1532 1179 1618 Κ.
1299 1529 1425 1615 Μ.
1492 1527 2418 1625 ΑΛΕΞΑΝΔΡΟΕ.
2493 1525 2814 1631 ΙΟΥΛ.
2927 1528 3265 1617 ΜΑΜ-
3299 1602 3356 1660 ,r
3361 1605 3548 1670 ιω

700 1661 1046 1759 ΜΑΙΑ.
1119 1656 1376 1747 CEB.
1520 1655 1755 1742 Sed
1733 1686 1821 1741 m
1876 1655 2160 1740 auersa
2210 1659 2519 1765 genius
2568 1658 2864 1741 colum
2914 1679 3165 1745 tenet
3241 1697 3368 1768 ,7.

692 1794 988 1901 (quem
1029 1809 1335 1873 tamen
1374 1784 1703 1871 Valens
1741 1784 2071 1871 sistrum
2112 1784 2501 1896 appellat
2589 1841 2615 1891 ,
2721 1807 2821 1872 vt
2873 1791 3302 1899 pietur-ae

697 1918 897 2003 huic
951 1917 1349 2002 diffidere
1403 1939 1566 1998 nos
1619 1922 2088 2026 oporteat)
2139 1934 2228 1999 et
2269 1936 2646 2026 quatuor
2681 1917 2897 2002 astra
2934 1922 3272 2003 circum

694 2048 777 2132 se
838 2046 1096 2131 habet
1189 2069 1207 2119 ε
1285 2042 1584 2127 titulus
1635 2044 1753 2127 est
1805 2045 2036 2127 idem
2135 2098 2163 2146 ‚
2239 2045 2529 2155 quiin
2591 2043 3268 2133 Buxbaumiano
3408 2126 3422 2144 ,

697 2175 981 2262 MHT.
1058 2174 1335 2259 KOA.
1412 2171 2229 2261 EAECCHstN.
2360 2173 2935 2261 Harduinuse
2992 2182 3268 2295 cime-

694 2304 1065 2387 liarchio
1143 2300 1559 2387 Mediceo
1630 2303 1759 2384 ita
1830 2304 2043 2385 citat
2100 2325 2518 2389 numum:
2586 2303 2794 2392 ΜΗ.
2867 2306 3062 2392 ΚΟ.
3140 2307 3266 2394 E·

699 2431 1403 2520 AECCHNstN
1475 2429 1621 2514 dea
1665 2430 1984 2514 turrito
2030 2430 2303 2541 capite
2337 2423 2567 2541 fi’det
2576 2424 2831 2545 super
2864 2439 3264 2521 monticu-

691 2560 789 2645 lis
828 2587 1008 2644 cum
1040 2560 1395 2673 panario
1433 2574 1516 2642 et
1528 2558 1789 2670 stellis
1826 2555 2131 2642 duabus
2179 2582 2198 2635 t
2237 2557 2349 2641 ad
2382 2559 2836 2671 pedes‚viri
2883 2588 2991 2649 ex
3030 2587 3266 2649 amne

689 2691 1169 2798 emetgentis
1277 2674 1561 2797 effigies
1652 2711 1671 2765 t
1779 2687 2085 2775 Ass.-
2123 2687 2361 2773 ΚΑΙ.
2438 2688 2564 2775 Μ.
2641 2694 2894 2777 ΑΥΡ.
2970 2696 3264 2782 AAE-

692 2816 1281 2910 ΞΑΝΔΡΟΕ
1358 2841 1534 2900 cum
1601 2806 2009 2899 Mamaea
2077 2829 2370 2901 matre.
2513 2819 2637 2902 Vt
2693 2828 2877 2905 ‘non
2919 2841 3264 2909 tantum
3433 2846 3444 2861 ·

691 2946 1177 3054 Alexandri
1211 2941 1457 3030 vultu
1499 3001 1524 3051 ,
1597 2972 1905 3030 verum
1950 2943 2508 3040 Mammaeae
2544 2975 2889 3062 quoque
2929 2951 3120 3037 suos
3156 2951 3264 3035 sr-

692 3097 1063 3186 gnarent
1109 3100 1423 3157 numos
1454 3078 1908 3179 Edeffeni‚
1989 3075 2078 3158 id
2117 3099 2228 3158 eo
2266 3071 2576 3160 fastum
2622 3100 2848 3188 puto
2922 3136 2946 3184 ,
3025 3084 3268 3194 quod

698 3208 1203 3294 Mammaea
1238 3202 1611 3286 multum
1652 3203 1879 3311 apud
1917 3202 2194 3286 filium
2235 3204 2884 3311 imperatorem
2931 3216 3264 3318 potuit.

685 3336 798 3419 Et
871 3338 1283 3415 videntur
1337 3332 1425 3412 id
1476 3328 1800 3416 senfiffe
1847 3330 2242 3418 Edeffeni
2289 3329 2579 3440 aliquo
2619 3336 3054 3425 beneficio
3100 3372 3265 3453 per

693 3480 1075 3544 matrem
1118 3461 1611 3565 impetrato
1652 3515 1675 3563 ‚
1758 3475 1956 3545 cum
1994 3459 2434 3545 exercitus
2468 3467 2919 3552 Romanus
2949 3472 3264 3558 Edessa

692 3586 1124 3672 tranfiret.
1259 3588 1373 3670 Et
1430 3587 1994 3689 Alexander,
2080 3587 2320 3696 quod
2357 3591 2905 3681 Herodianus
2946 3601 3258 3712 refert²

686 3724 821 3822 (8)
859 3715 1356 3824 sagittarios
1413 3717 1740 3800 multos
1786 3716 1878 3802 ἐκ
1927 3712 2075 3816 τῆς
2111 3716 2577 3823 Οσᾱωηνὰῗν
2605 3718 2913 3838 χώρας·
2945 3753 3264 3820 contra

690 3846 966 3928 Persas
1002 3843 1430 3928 instruxit.
1609 3844 1833 3931 Cum
1894 3845 1995 3926 de
2037 3842 2720 3936 Germaniarum
2763 3855 3262 3951 defectione

697 3978 1252 4055 nunciaretur
1330 4028 1352 4073 ‚
1438 3974 1799 4055 eosdem
1852 3972 2137 4055 secum
2209 3973 2486 4059 duxit.
2627 3981 2898 4068 Sicuti
2970 3994 3265 4077 Hero-

692 4104 1027 4198 dianus»,
1116 4101 1243 4182 ita
1285 4102 1553 4184 etiam
1593 4102 2144 4210 Lampridius
2187 4126 2202 4177 ε
2277 4106 2414 4209 (9)
2451 4103 2738 4213 habuit
2775 4114 2855 4198 in
2893 4135 3262 4230 appara..

1924 4231 1995 4317 Β
2037 4231 2086 4314 b
2162 4261 2211 4336 3
3163 4267 3262 4340 tu

699 4465 3235 4525 Ἣ

852 4619 960 4701 (8)
1049 4620 1250 4684 1..v1.
1293 4636 1346 4685 c.
1377 4619 1479 4685 16.
1544 4615 1661 4699 (9)
1711 4618 2149 4690 inAlexaadro
2189 4621 2375 4697 e,61'·

1390 4767 1443 4812 x
