<?xml version="1.0" encoding="UTF-8"?>
<!DOCTYPE html PUBLIC "-//W3C//DTD XHTML 1.0 Transitional//EN"
    "http://www.w3.org/TR/xhtml1/DTD/xhtml1-transitional.dtd">
<html xmlns="http://www.w3.org/1999/xhtml" xml:lang="en" lang="en">
 <head>
  <title>
</title>
<meta http-equiv="Content-Type" content="text/html;charset=utf-8" />
  <meta name='ocr-system' content='tesseract 3.04.00' />
  <meta name='ocr-capabilities' content='ocr_page ocr_carea ocr_par ocr_line ocrx_word'/>
</head>
<body>
  <div class='ocr_page' id='page_1' title='image "./historiaosrhoen00bayegoog_0266.png"; bbox 0 0 4559 5919; ppageno 0'>
   <div class='ocr_carea' id='block_1_1' title="bbox 1280 496 3319 668">
    <p class='ocr_par' dir='ltr' id='par_1_1' title="bbox 1280 496 3319 668">
     <span class='ocr_line' id='line_1_1' title="bbox 1280 496 3319 668; baseline -0.003 0"><span class='ocrx_word' id='word_1_1' title='bbox 1280 606 1331 668; x_wconf 82' lang='lat'>2</span> <span class='ocrx_word' id='word_1_2' title='bbox 1348 585 1475 667; x_wconf 68' lang='lat'>2⁸.</span> <span class='ocrx_word' id='word_1_3' title='bbox 1780 552 2481 668; x_wconf 74' lang='lat' dir='ltr'><strong><em>HISTORIAE</em></strong></span> <span class='ocrx_word' id='word_1_4' title='bbox 2516 496 3319 667; x_wconf 64' lang='lat' dir='ltr'>-osRHoENAE-</span> 
     </span>
    </p>
   </div>
   <div class='ocr_carea' id='block_1_2' title="bbox 1232 774 3984 4376">
    <p class='ocr_par' dir='ltr' id='par_1_2' title="bbox 1232 774 3984 4376">
     <span class='ocr_line' id='line_1_2' title="bbox 1272 774 3854 902; baseline -0.002 -27"><span class='ocrx_word' id='word_1_5' title='bbox 1272 795 1415 901; x_wconf 78' lang='lat'>(4)</span> <span class='ocrx_word' id='word_1_6' title='bbox 1453 791 1746 902; x_wconf 85' lang='lat' dir='ltr'>itaque</span> <span class='ocrx_word' id='word_1_7' title='bbox 1789 790 1966 874; x_wconf 85' lang='lat' dir='ltr'>eius</span> <span class='ocrx_word' id='word_1_8' title='bbox 2002 788 2535 875; x_wconf 69' lang='lat' dir='ltr'>auetoritate</span> <span class='ocrx_word' id='word_1_9' title='bbox 2573 783 2752 870; x_wconf 92' lang='lat' dir='ltr'>hoc</span> <span class='ocrx_word' id='word_1_10' title='bbox 2789 784 3003 870; x_wconf 92' lang='lat' dir='ltr'>loco</span> <span class='ocrx_word' id='word_1_11' title='bbox 3041 801 3399 871; x_wconf 80' lang='lat' dir='ltr'>vtemur</span> <span class='ocrx_word' id='word_1_12' title='bbox 3474 777 3568 867; x_wconf 91' lang='lat' dir='ltr'>in</span> <span class='ocrx_word' id='word_1_13' title='bbox 3600 774 3854 897; x_wconf 83' lang='lat' dir='ltr'>breui</span> 
     </span>
     <span class='ocr_line' id='line_1_3' title="bbox 1276 912 3852 1027; baseline -0.002 -24"><span class='ocrx_word' id='word_1_14' title='bbox 1276 922 1716 1004; x_wconf 88' lang='lat' dir='ltr'>curiarum</span> <span class='ocrx_word' id='word_1_15' title='bbox 1761 918 2381 1027; x_wconf 84' lang='lat' dir='ltr'><strong>descriptione.</strong></span> <span class='ocrx_word' id='word_1_16' title='bbox 2468 917 2897 1006; x_wconf 87' lang='lat' dir='ltr'>Ciuitates</span> <span class='ocrx_word' id='word_1_17' title='bbox 2938 968 2966 1020; x_wconf 86' lang='lat'>‚</span> <span class='ocrx_word' id='word_1_18' title='bbox 3038 912 3569 1025; x_wconf 86' lang='lat' dir='ltr'>municipia,</span> <span class='ocrx_word' id='word_1_19' title='bbox 3619 922 3852 998; x_wconf 74' lang='lat' dir='ltr'>non-&#39;-</span> 
     </span>
     <span class='ocr_line' id='line_1_4' title="bbox 1280 1042 3846 1153; baseline -0.003 -20"><span class='ocrx_word' id='word_1_20' title='bbox 1280 1048 1498 1133; x_wconf 89' lang='lat' dir='ltr'>nulli</span> <span class='ocrx_word' id='word_1_21' title='bbox 1543 1047 1813 1130; x_wconf 88' lang='lat' dir='ltr'>etiam</span> <span class='ocrx_word' id='word_1_22' title='bbox 1886 1047 2063 1130; x_wconf 80' lang='lat' dir='ltr'>vici</span> <span class='ocrx_word' id='word_1_23' title='bbox 2102 1047 2196 1128; x_wconf 90' lang='lat' dir='ltr'>in</span> <span class='ocrx_word' id='word_1_24' title='bbox 2238 1046 2458 1131; x_wconf 89' lang='lat' dir='ltr'>orbe</span> <span class='ocrx_word' id='word_1_25' title='bbox 2497 1046 2920 1131; x_wconf 87' lang='lat' dir='ltr'>Romano</span> <span class='ocrx_word' id='word_1_26' title='bbox 2949 1097 2975 1146; x_wconf 90' lang='lat'>,</span> <span class='ocrx_word' id='word_1_27' title='bbox 3023 1058 3384 1153; x_wconf 85' lang='lat' dir='ltr'>praeter</span> <span class='ocrx_word' id='word_1_28' title='bbox 3437 1042 3846 1152; x_wconf 80' lang='lat' dir='ltr'><strong>plebem,</strong></span> 
     </span>
     <span class='ocr_line' id='line_1_5' title="bbox 1274 1168 3848 1285; baseline -0.003 -25"><span class='ocrx_word' id='word_1_29' title='bbox 1274 1175 1522 1262; x_wconf 92' lang='lat' dir='ltr'>suum</span> <span class='ocrx_word' id='word_1_30' title='bbox 1563 1172 2001 1285; x_wconf 80' lang='lat' dir='ltr'>quendam</span> <span class='ocrx_word' id='word_1_31' title='bbox 2040 1172 2437 1257; x_wconf 88' lang='lat' dir='ltr'>senatum</span> <span class='ocrx_word' id='word_1_32' title='bbox 2479 1168 2858 1258; x_wconf 80' lang='lat' dir='ltr'><strong>habuere</strong></span> <span class='ocrx_word' id='word_1_33' title='bbox 2898 1191 2994 1258; x_wconf 81' lang='lat' dir='ltr'>et</span> <span class='ocrx_word' id='word_1_34' title='bbox 3034 1168 3448 1255; x_wconf 85' lang='lat' dir='ltr'>ordinem</span> <span class='ocrx_word' id='word_1_35' title='bbox 3486 1168 3658 1256; x_wconf 82' lang='lat' dir='ltr'>flue</span> <span class='ocrx_word' id='word_1_36' title='bbox 3698 1193 3848 1254; x_wconf 90' lang='lat' dir='ltr'>cu-</span> 
     </span>
     <span class='ocr_line' id='line_1_6' title="bbox 1274 1296 3896 1402; baseline 0 -14"><span class='ocrx_word' id='word_1_37' title='bbox 1274 1306 1508 1388; x_wconf 88' lang='lat' dir='ltr'>·riam</span> <span class='ocrx_word' id='word_1_38' title='bbox 1547 1325 1567 1378; x_wconf 72' lang='grc' dir='ltr'>ε</span> <span class='ocrx_word' id='word_1_39' title='bbox 1700 1300 1961 1386; x_wconf 84' lang='lat' dir='ltr'>huius</span> <span class='ocrx_word' id='word_1_40' title='bbox 2016 1304 2309 1386; x_wconf 87' lang='lat' dir='ltr'>curiae</span> <span class='ocrx_word' id='word_1_41' title='bbox 2350 1300 2803 1385; x_wconf 82' lang='lat' dir='ltr'>senatores</span> <span class='ocrx_word' id='word_1_42' title='bbox 2863 1350 2892 1402; x_wconf 89' lang='lat'>‚</span> <span class='ocrx_word' id='word_1_43' title='bbox 3006 1296 3513 1384; x_wconf 79' lang='lat' dir='ltr'>dicebantur</span> <span class='ocrx_word' id='word_1_44' title='bbox 3593 1299 3896 1389; x_wconf 85' lang='lat' dir='ltr'>decu·.</span> 
     </span>
     <span class='ocr_line' id='line_1_7' title="bbox 1274 1424 3856 1539; baseline -0.003 -22"><span class='ocrx_word' id='word_1_45' title='bbox 1274 1434 1575 1517; x_wconf 79' lang='lat' dir='ltr'>tiones</span> <span class='ocrx_word' id='word_1_46' title='bbox 1614 1484 1644 1537; x_wconf 86' lang='lat'><em>‚</em></span> <span class='ocrx_word' id='word_1_47' title='bbox 1721 1424 2089 1514; x_wconf 87' lang='lat' dir='ltr'>curiales</span> <span class='ocrx_word' id='word_1_48' title='bbox 2128 1430 2618 1539; x_wconf 84' lang='lat' dir='ltr'>municipes</span> <span class='ocrx_word' id='word_1_49' title='bbox 2661 1481 2690 1532; x_wconf 88' lang='lat'>‚</span> <span class='ocrx_word' id='word_1_50' title='bbox 2767 1428 3364 1537; x_wconf 78' lang='lat' dir='ltr'>municipales,</span> <span class='ocrx_word' id='word_1_51' title='bbox 3496 1425 3682 1512; x_wconf 89' lang='lat' dir='ltr'>Alii</span> <span class='ocrx_word' id='word_1_52' title='bbox 3719 1426 3856 1509; x_wconf 74' lang='lat' dir='ltr'>in·</span> 
     </span>
     <span class='ocr_line' id='line_1_8' title="bbox 1277 1554 3847 1668; baseline -0.002 -25"><span class='ocrx_word' id='word_1_53' title='bbox 1277 1560 1389 1643; x_wconf 87' lang='lat' dir='ltr'>de</span> <span class='ocrx_word' id='word_1_54' title='bbox 1429 1583 1475 1640; x_wconf 89' lang='lat' dir='ltr'>a</span> <span class='ocrx_word' id='word_1_55' title='bbox 1515 1576 1816 1668; x_wconf 85' lang='lat' dir='ltr'>patre,</span> <span class='ocrx_word' id='word_1_56' title='bbox 1855 1580 2025 1640; x_wconf 87' lang='lat' dir='ltr'>auo</span> <span class='ocrx_word' id='word_1_57' title='bbox 2070 1609 2097 1659; x_wconf 90' lang='lat'>,</span> <span class='ocrx_word' id='word_1_58' title='bbox 2144 1558 2620 1645; x_wconf 87' lang='lat' dir='ltr'>maioribus</span> <span class='ocrx_word' id='word_1_59' title='bbox 2664 1554 3244 1642; x_wconf 86' lang='lat' dir='ltr'>decurionum</span> <span class='ocrx_word' id='word_1_60' title='bbox 3283 1555 3847 1657; x_wconf 81' lang='lat' dir='ltr'>conditione,</span> 
     </span>
     <span class='ocr_line' id='line_1_9' title="bbox 1274 1674 3849 1799; baseline -0.003 -27"><span class='ocrx_word' id='word_1_61' title='bbox 1274 1690 1423 1799; x_wconf 90' lang='lat' dir='ltr'>qui</span> <span class='ocrx_word' id='word_1_62' title='bbox 1494 1704 1597 1772; x_wconf 77' lang='lat' dir='ltr'>vt</span> <span class='ocrx_word' id='word_1_63' title='bbox 1675 1674 2068 1796; x_wconf 72' lang='lat' dir='ltr'>primu‘m</span> <span class='ocrx_word' id='word_1_64' title='bbox 2144 1687 2332 1771; x_wconf 89' lang='lat' dir='ltr'>nati</span> <span class='ocrx_word' id='word_1_65' title='bbox 2410 1710 2523 1769; x_wconf 89' lang='lat' dir='ltr'>eo</span> <span class='ocrx_word' id='word_1_66' title='bbox 2603 1682 2693 1766; x_wconf 86' lang='lat' dir='ltr'>in</span> <span class='ocrx_word' id='word_1_67' title='bbox 2734 1710 3118 1770; x_wconf 90' lang='lat' dir='ltr'>numero</span> <span class='ocrx_word' id='word_1_68' title='bbox 3156 1683 3716 1770; x_wconf 84' lang='lat' dir='ltr'>censebantur</span> <span class='ocrx_word' id='word_1_69' title='bbox 3757 1698 3849 1765; x_wconf 85' lang='lat' dir='ltr'>et</span> 
     </span>
     <span class='ocr_line' id='line_1_10' title="bbox 1281 1800 3853 1922; baseline -0.002 -23"><span class='ocrx_word' id='word_1_70' title='bbox 1281 1811 1999 1900; x_wconf 85' lang='lat' dir='ltr'>duodeuicefimo</span> <span class='ocrx_word' id='word_1_71' title='bbox 2038 1837 2279 1898; x_wconf 88' lang='lat' dir='ltr'>anno</span> <span class='ocrx_word' id='word_1_72' title='bbox 2326 1816 2433 1898; x_wconf 87' lang='lat' dir='ltr'>ad</span> <span class='ocrx_word' id='word_1_73' title='bbox 2473 1836 2835 1898; x_wconf 84' lang='lat' dir='ltr'>munera</span> <span class='ocrx_word' id='word_1_74' title='bbox 2873 1814 3149 1897; x_wconf 83' lang='lat' dir='ltr'>ciuica</span> <span class='ocrx_word' id='word_1_75' title='bbox 3210 1800 3853 1922; x_wconf 76' lang='lat' dir='ltr'>adstringeban·</span> 
     </span>
     <span class='ocr_line' id='line_1_11' title="bbox 1269 1939 3855 2052; baseline -0.002 -25"><span class='ocrx_word' id='word_1_76' title='bbox 1269 1961 1494 2049; x_wconf 21' lang='lat' dir='ltr'>turs,</span> <span class='ocrx_word' id='word_1_77' title='bbox 1573 1939 1821 2028; x_wconf 91' lang='lat' dir='ltr'>nullo</span> <span class='ocrx_word' id='word_1_78' title='bbox 1863 1957 2323 2027; x_wconf 85' lang='lat' dir='ltr'>maternae</span> <span class='ocrx_word' id='word_1_79' title='bbox 2363 1941 2645 2051; x_wconf 87' lang='lat' dir='ltr'>stirpis</span> <span class='ocrx_word' id='word_1_80' title='bbox 2679 1943 2870 2025; x_wconf 90' lang='lat' dir='ltr'>iure</span> <span class='ocrx_word' id='word_1_81' title='bbox 2913 1996 2939 2044; x_wconf 88' lang='lat'>‚</span> <span class='ocrx_word' id='word_1_82' title='bbox 3036 1939 3191 2026; x_wconf 85' lang='lat' dir='ltr'>nifi</span> <span class='ocrx_word' id='word_1_83' title='bbox 3245 1942 3473 2052; x_wconf 87' lang='lat' dir='ltr'>apud</span> <span class='ocrx_word' id='word_1_84' title='bbox 3524 1942 3855 2029; x_wconf 87' lang='lat' dir='ltr'>Antio-</span> 
     </span>
     <span class='ocr_line' id='line_1_12' title="bbox 1278 2067 3852 2180; baseline -0.002 -23"><span class='ocrx_word' id='word_1_85' title='bbox 1278 2069 1679 2157; x_wconf 76' lang='lat' dir='ltr'>chenos..</span> <span class='ocrx_word' id='word_1_86' title='bbox 1783 2067 1965 2158; x_wconf 91' lang='lat' dir='ltr'>Alii</span> <span class='ocrx_word' id='word_1_87' title='bbox 2005 2092 2119 2173; x_wconf 72' lang='lat' dir='ltr'>ex</span> <span class='ocrx_word' id='word_1_88' title='bbox 2160 2068 2890 2178; x_wconf 80' lang='lat' dir='ltr'>plebeiis-ciuibus</span> <span class='ocrx_word' id='word_1_89' title='bbox 2931 2090 3282 2180; x_wconf 86' lang='lat' dir='ltr'>patrum</span> <span class='ocrx_word' id='word_1_90' title='bbox 3333 2072 3662 2161; x_wconf 77' lang='lat' dir='ltr'>iudicio</span> <span class='ocrx_word' id='word_1_91' title='bbox 3719 2088 3852 2152; x_wconf 88' lang='lat' dir='ltr'>at-</span> 
     </span>
     <span class='ocr_line' id='line_1_13' title="bbox 1282 2184 3852 2311; baseline -0.003 -26"><span class='ocrx_word' id='word_1_92' title='bbox 1282 2223 1452 2311; x_wconf 88' lang='lat' dir='ltr'>que</span> <span class='ocrx_word' id='word_1_93' title='bbox 1495 2184 2561 2305; x_wconf 54' lang='lat' dir='ltr'>ordinationessnominati</span> <span class='ocrx_word' id='word_1_94' title='bbox 2596 2251 2621 2302; x_wconf 86' lang='lat'>,</span> <span class='ocrx_word' id='word_1_95' title='bbox 2670 2197 2907 2281; x_wconf 83' lang='lat' dir='ltr'>inter</span> <span class='ocrx_word' id='word_1_96' title='bbox 2946 2223 3161 2309; x_wconf 87' lang='lat' dir='ltr'>quos</span> <span class='ocrx_word' id='word_1_97' title='bbox 3201 2199 3473 2282; x_wconf 82' lang='lat' dir='ltr'>etiam</span> <span class='ocrx_word' id='word_1_98' title='bbox 3513 2198 3852 2283; x_wconf 85' lang='lat' dir='ltr'>Iudaeis</span> 
     </span>
     <span class='ocr_line' id='line_1_14' title="bbox 1284 2312 3860 2437; baseline -0 -26"><span class='ocrx_word' id='word_1_99' title='bbox 1284 2324 1456 2413; x_wconf 81' lang='lat' dir='ltr'>effe</span> <span class='ocrx_word' id='word_1_100' title='bbox 1490 2328 1774 2413; x_wconf 89' lang='lat' dir='ltr'>licuit.</span> <span class='ocrx_word' id='word_1_101' title='bbox 1904 2312 2169 2437; x_wconf 49' lang='lat' dir='ltr'>Alio}</span> <span class='ocrx_word' id='word_1_102' title='bbox 2240 2325 2669 2412; x_wconf 89' lang='lat' dir='ltr'>euehebat</span> <span class='ocrx_word' id='word_1_103' title='bbox 2745 2325 3179 2410; x_wconf 83' lang='lat' dir='ltr'>incolatus</span> <span class='ocrx_word' id='word_1_104' title='bbox 3255 2344 3346 2409; x_wconf 93' lang='lat' dir='ltr'>et</span> <span class='ocrx_word' id='word_1_105' title='bbox 3426 2326 3860 2410; x_wconf 84' lang='lat' dir='ltr'>domicilii</span> 
     </span>
     <span class='ocr_line' id='line_1_15' title="bbox 1279 2453 3857 2565; baseline -0.002 -21"><span class='ocrx_word' id='word_1_106' title='bbox 1279 2456 1413 2550; x_wconf 76' lang='lat' dir='ltr'>ius</span> <span class='ocrx_word' id='word_1_107' title='bbox 1459 2509 1489 2561; x_wconf 87' lang='lat'>,</span> <span class='ocrx_word' id='word_1_108' title='bbox 1565 2454 1792 2542; x_wconf 87' lang='lat' dir='ltr'>alios</span> <span class='ocrx_word' id='word_1_109' title='bbox 1829 2454 2378 2565; x_wconf 88' lang='lat' dir='ltr'>splendidior</span> <span class='ocrx_word' id='word_1_110' title='bbox 2418 2454 2771 2539; x_wconf 86' lang='lat' dir='ltr'>fortuna</span> <span class='ocrx_word' id='word_1_111' title='bbox 2812 2454 2919 2537; x_wconf 84' lang='lat' dir='ltr'>ad</span> <span class='ocrx_word' id='word_1_112' title='bbox 2976 2453 3495 2565; x_wconf 79' lang='lat' dir='ltr'>perferenda</span> <span class='ocrx_word' id='word_1_113' title='bbox 3552 2480 3857 2539; x_wconf 88' lang='lat' dir='ltr'>mune-</span> 
     </span>
     <span class='ocr_line' id='line_1_16' title="bbox 1283 2566 3858 2695; baseline -0.003 -19"><span class='ocrx_word' id='word_1_114' title='bbox 1283 2606 1384 2676; x_wconf 79' lang='lat' dir='ltr'>ra</span> <span class='ocrx_word' id='word_1_115' title='bbox 1423 2584 1917 2671; x_wconf 88' lang='lat' dir='ltr'>ciuitatium</span> <span class='ocrx_word' id='word_1_116' title='bbox 1961 2637 1989 2688; x_wconf 84' lang='lat'>,</span> <span class='ocrx_word' id='word_1_117' title='bbox 2071 2584 2216 2695; x_wconf 89' lang='lat' dir='ltr'>qui</span> <span class='ocrx_word' id='word_1_118' title='bbox 2252 2586 2487 2671; x_wconf 82' lang='lat' dir='ltr'>vltra</span> <span class='ocrx_word' id='word_1_119' title='bbox 2562 2586 2937 2695; x_wconf 90' lang='lat' dir='ltr'>quinque</span> <span class='ocrx_word' id='word_1_120' title='bbox 3017 2603 3108 2668; x_wconf 91' lang='lat' dir='ltr'>et</span> <span class='ocrx_word' id='word_1_121' title='bbox 3184 2585 3498 2692; x_wconf 76' lang='lat' dir='ltr'>viginti</span> <span class='ocrx_word' id='word_1_122' title='bbox 3551 2566 3858 2692; x_wconf 73' lang='lat' dir='ltr'>iugera</span> 
     </span>
     <span class='ocr_line' id='line_1_17' title="bbox 1286 2709 3858 2825; baseline -0.003 -27"><span class='ocrx_word' id='word_1_123' title='bbox 1286 2710 1837 2825; x_wconf 87' lang='lat' dir='ltr'>possidebant</span> <span class='ocrx_word' id='word_1_124' title='bbox 1879 2712 2235 2824; x_wconf 87' lang='lat' dir='ltr'>priuato</span> <span class='ocrx_word' id='word_1_125' title='bbox 2279 2713 2690 2800; x_wconf 86' lang='lat' dir='ltr'>dominio</span> <span class='ocrx_word' id='word_1_126' title='bbox 2735 2766 2762 2817; x_wconf 86' lang='lat'><em>‚</em></span> <span class='ocrx_word' id='word_1_127' title='bbox 2840 2712 3096 2825; x_wconf 88' lang='lat' dir='ltr'>quiue</span> <span class='ocrx_word' id='word_1_128' title='bbox 3173 2711 3624 2795; x_wconf 89' lang='lat' dir='ltr'>curialium</span> <span class='ocrx_word' id='word_1_129' title='bbox 3666 2709 3858 2794; x_wconf 87' lang='lat' dir='ltr'>fun-</span> 
     </span>
     <span class='ocr_line' id='line_1_18' title="bbox 1286 2837 3861 2952; baseline -0.002 -25"><span class='ocrx_word' id='word_1_130' title='bbox 1286 2842 1454 2927; x_wconf 80' lang='lat' dir='ltr'>dos</span> <span class='ocrx_word' id='word_1_131' title='bbox 1496 2860 1585 2924; x_wconf 85' lang='lat' dir='ltr'>et</span> <span class='ocrx_word' id='word_1_132' title='bbox 1631 2842 2177 2952; x_wconf 89' lang='lat' dir='ltr'>patrimonia</span> <span class='ocrx_word' id='word_1_133' title='bbox 2214 2839 2366 2928; x_wconf 88' lang='lat' dir='ltr'>fibi</span> <span class='ocrx_word' id='word_1_134' title='bbox 2406 2839 3123 2952; x_wconf 87' lang='lat' dir='ltr'>praesumserant,</span> <span class='ocrx_word' id='word_1_135' title='bbox 3198 2837 3339 2927; x_wconf 86' lang='lat' dir='ltr'>alii</span> <span class='ocrx_word' id='word_1_136' title='bbox 3381 2840 3620 2952; x_wconf 90' lang='lat' dir='ltr'>quod</span> <span class='ocrx_word' id='word_1_137' title='bbox 3661 2840 3861 2923; x_wconf 89' lang='lat' dir='ltr'>ido·</span> 
     </span>
     <span class='ocr_line' id='line_1_19' title="bbox 1290 2967 3984 3086; baseline -0.001 -30"><span class='ocrx_word' id='word_1_138' title='bbox 1290 2967 1727 3086; x_wconf 33' lang='lat' dir='ltr'>nii-essent</span> <span class='ocrx_word' id='word_1_139' title='bbox 1779 2994 1895 3055; x_wconf 88' lang='lat' dir='ltr'>ex</span> <span class='ocrx_word' id='word_1_140' title='bbox 1928 2971 2434 3057; x_wconf 79' lang='lat' dir='ltr'>vacantibus</span> <span class='ocrx_word' id='word_1_141' title='bbox 2476 2992 2568 3056; x_wconf 90' lang='lat' dir='ltr'>et</span> <span class='ocrx_word' id='word_1_142' title='bbox 2610 2972 3138 3080; x_wconf 86' lang='lat' dir='ltr'>corporibus</span> <span class='ocrx_word' id='word_1_143' title='bbox 3181 2974 3447 3056; x_wconf 86' lang='lat' dir='ltr'>certis</span> <span class='ocrx_word' id='word_1_144' title='bbox 3484 3029 3514 3078; x_wconf 83' lang='lat'>,</span> <span class='ocrx_word' id='word_1_145' title='bbox 3554 2995 3600 3053; x_wconf 90' lang='lat' dir='ltr'>e</span> <span class='ocrx_word' id='word_1_146' title='bbox 3641 2995 3863 3053; x_wconf 83' lang='lat' dir='ltr'>con·</span> <span class='ocrx_word' id='word_1_147' title='bbox 3969 2975 3984 2986; x_wconf 71' lang='lat'><strong>⁴</strong></span> 
     </span>
     <span class='ocr_line' id='line_1_20' title="bbox 1288 3087 3858 3205; baseline 0 -21"><span class='ocrx_word' id='word_1_148' title='bbox 1288 3098 1847 3184; x_wconf 87' lang='lat' dir='ltr'>ditionalibus</span> <span class='ocrx_word' id='word_1_149' title='bbox 1888 3100 2346 3183; x_wconf 85' lang='lat' dir='ltr'>ciuitatum</span> <span class='ocrx_word' id='word_1_150' title='bbox 2384 3154 2414 3205; x_wconf 84' lang='lat'>,</span> <span class='ocrx_word' id='word_1_151' title='bbox 2459 3087 3235 3187; x_wconf 64' lang='lat' dir='ltr'>&#39;subscribendariis</span> <span class='ocrx_word' id='word_1_152' title='bbox 3273 3154 3302 3204; x_wconf 71' lang='lat'><strong><em>7</em></strong></span> <span class='ocrx_word' id='word_1_153' title='bbox 3376 3099 3858 3204; x_wconf 75' lang='lat' dir='ltr'>tabulariiS,</span> 
     </span>
     <span class='ocr_line' id='line_1_21' title="bbox 1232 3223 3867 3339; baseline -0 -27"><span class='ocrx_word' id='word_1_154' title='bbox 1232 3226 1792 3333; x_wconf 69' lang='lat' dir='ltr'>,·diurnariis,</span> <span class='ocrx_word' id='word_1_155' title='bbox 1866 3223 2454 3339; x_wconf 82' lang='lat' dir='ltr'>logographis</span> <span class='ocrx_word' id='word_1_156' title='bbox 2493 3282 2522 3333; x_wconf 86' lang='lat'>‚</span> <span class='ocrx_word' id='word_1_157' title='bbox 2565 3228 3138 3335; x_wconf 83' lang='lat' dir='ltr'>censualibus,</span> <span class='ocrx_word' id='word_1_158' title='bbox 3183 3228 3380 3337; x_wconf 88' lang='lat' dir='ltr'>post</span> <span class='ocrx_word' id='word_1_159' title='bbox 3424 3229 3867 3311; x_wconf 81' lang='lat' dir='ltr'>emensum</span> 
     </span>
     <span class='ocr_line' id='line_1_22' title="bbox 1291 3355 3866 3468; baseline -0.002 -26"><span class='ocrx_word' id='word_1_160' title='bbox 1291 3381 1599 3442; x_wconf 87' lang='lat' dir='ltr'>munus</span> <span class='ocrx_word' id='word_1_161' title='bbox 1642 3411 1669 3459; x_wconf 89' lang='lat'>‚</span> <span class='ocrx_word' id='word_1_162' title='bbox 1748 3381 1797 3438; x_wconf 89' lang='lat' dir='ltr'>e</span> <span class='ocrx_word' id='word_1_163' title='bbox 1838 3356 2358 3441; x_wconf 88' lang='lat' dir='ltr'>militarium</span> <span class='ocrx_word' id='word_1_164' title='bbox 2401 3376 2488 3442; x_wconf 92' lang='lat' dir='ltr'>et</span> <span class='ocrx_word' id='word_1_165' title='bbox 2526 3378 3161 3443; x_wconf 76' lang='lat' dir='ltr'>veteranorum</span> <span class='ocrx_word' id='word_1_166' title='bbox 3206 3355 3405 3445; x_wconf 87' lang='lat' dir='ltr'>filiis</span> <span class='ocrx_word' id='word_1_167' title='bbox 3448 3411 3478 3462; x_wconf 86' lang='lat'>,</span> <span class='ocrx_word' id='word_1_168' title='bbox 3550 3358 3694 3468; x_wconf 83' lang='lat' dir='ltr'>qui</span> <span class='ocrx_word' id='word_1_169' title='bbox 3727 3356 3866 3440; x_wconf 85' lang='lat' dir='ltr'>seu</span> 
     </span>
     <span class='ocr_line' id='line_1_23' title="bbox 1291 3481 3871 3595; baseline 0 -27"><span class='ocrx_word' id='word_1_170' title='bbox 1291 3484 1642 3571; x_wconf 87' lang='lat' dir='ltr'>nollent</span> <span class='ocrx_word' id='word_1_171' title='bbox 1683 3481 2075 3570; x_wconf 89' lang='lat' dir='ltr'>militare</span> <span class='ocrx_word' id='word_1_172' title='bbox 2116 3539 2146 3590; x_wconf 88' lang='lat'>,</span> <span class='ocrx_word' id='word_1_173' title='bbox 2219 3485 2361 3568; x_wconf 90' lang='lat' dir='ltr'>seu</span> <span class='ocrx_word' id='word_1_174' title='bbox 2407 3509 2591 3569; x_wconf 90' lang='lat' dir='ltr'>non</span> <span class='ocrx_word' id='word_1_175' title='bbox 2632 3483 2983 3595; x_wconf 79' lang='lat' dir='ltr'>pofl‘ent</span> <span class='ocrx_word' id='word_1_176' title='bbox 3027 3521 3046 3574; x_wconf 74' lang='grc' dir='ltr'>ε</span> <span class='ocrx_word' id='word_1_177' title='bbox 3155 3486 3522 3595; x_wconf 87' lang='lat' dir='ltr'>denique</span> <span class='ocrx_word' id='word_1_178' title='bbox 3597 3504 3695 3569; x_wconf 75' lang='lat' dir='ltr'>vt</span> <span class='ocrx_word' id='word_1_179' title='bbox 3735 3481 3871 3568; x_wconf 83' lang='lat' dir='ltr'>his</span> 
     </span>
     <span class='ocr_line' id='line_1_24' title="bbox 1285 3610 3876 3724; baseline 0.001 -28"><span class='ocrx_word' id='word_1_180' title='bbox 1285 3612 1619 3722; x_wconf 83' lang='lat' dir='ltr'>legibus</span> <span class='ocrx_word' id='word_1_181' title='bbox 1656 3612 2078 3700; x_wconf 87' lang='lat' dir='ltr'>sancitum</span> <span class='ocrx_word' id='word_1_182' title='bbox 2121 3668 2152 3720; x_wconf 81' lang='lat'><strong><em>‚</em></strong></span> <span class='ocrx_word' id='word_1_183' title='bbox 2231 3612 2834 3724; x_wconf 87' lang='lat' dir='ltr'>primipilares</span> <span class='ocrx_word' id='word_1_184' title='bbox 2907 3614 3090 3699; x_wconf 78' lang='lat' dir='ltr'>fiue‘</span> <span class='ocrx_word' id='word_1_185' title='bbox 3123 3612 3396 3701; x_wconf 87' lang='lat' dir='ltr'>officii</span> <span class='ocrx_word' id='word_1_186' title='bbox 3461 3610 3876 3723; x_wconf 71' lang='lat' dir='ltr'>praefidit-z</span> 
     </span>
     <span class='ocr_line' id='line_1_25' title="bbox 1254 3741 3871 3851; baseline -0.002 -25"><span class='ocrx_word' id='word_1_187' title='bbox 1254 3742 1817 3849; x_wconf 82' lang='lat' dir='ltr'>-osdroenae</span> <span class='ocrx_word' id='word_1_188' title='bbox 1860 3742 2308 3851; x_wconf 88' lang='lat' dir='ltr'>principes</span> <span class='ocrx_word' id='word_1_189' title='bbox 2349 3742 2724 3828; x_wconf 85' lang='lat' dir='ltr'>alterum</span> <span class='ocrx_word' id='word_1_190' title='bbox 2767 3741 3160 3827; x_wconf 86' lang='lat' dir='ltr'>filiorum</span> <span class='ocrx_word' id='word_1_191' title='bbox 3203 3742 3524 3831; x_wconf 82' lang='lat' dir='ltr'>Curiae</span> <span class='ocrx_word' id='word_1_192' title='bbox 3595 3742 3871 3827; x_wconf 88' lang='lat' dir='ltr'>Edes-</span> 
     </span>
     <span class='ocr_line' id='line_1_26' title="bbox 1274 3868 3875 3975; baseline 0 -22"><span class='ocrx_word' id='word_1_193' title='bbox 1274 3869 1541 3953; x_wconf 86' lang='lat' dir='ltr'>senae</span> <span class='ocrx_word' id='word_1_194' title='bbox 1584 3868 2042 3955; x_wconf 86' lang='lat' dir='ltr'>debebant.</span> <span class='ocrx_word' id='word_1_195' title='bbox 2121 3869 2495 3956; x_wconf 84' lang='lat' dir='ltr'>Munera</span> <span class='ocrx_word' id='word_1_196' title='bbox 2528 3870 3100 3957; x_wconf 87' lang='lat' dir='ltr'>decurionum</span> <span class='ocrx_word' id='word_1_197' title='bbox 3127 3926 3151 3975; x_wconf 90' lang='lat'>‚</span> <span class='ocrx_word' id='word_1_198' title='bbox 3185 3869 3679 3955; x_wconf 86' lang='lat' dir='ltr'>nominibus</span> <span class='ocrx_word' id='word_1_199' title='bbox 3700 3868 3875 3954; x_wconf 89' lang='lat' dir='ltr'>ho-</span> 
     </span>
     <span class='ocr_line' id='line_1_27' title="bbox 1297 3992 3869 4105; baseline 0.002 -25"><span class='ocrx_word' id='word_1_200' title='bbox 1297 3992 1771 4080; x_wconf 81' lang='lat' dir='ltr'>nestiffimis</span> <span class='ocrx_word' id='word_1_201' title='bbox 1812 4017 1903 4082; x_wconf 92' lang='lat' dir='ltr'>et</span> <span class='ocrx_word' id='word_1_202' title='bbox 1951 3995 2513 4081; x_wconf 85' lang='lat' dir='ltr'>ornatiffimis</span> <span class='ocrx_word' id='word_1_203' title='bbox 2556 4052 2582 4100; x_wconf 82' lang='lat'>‚</span> <span class='ocrx_word' id='word_1_204' title='bbox 2660 4014 2746 4079; x_wconf 88' lang='lat' dir='ltr'>at</span> <span class='ocrx_word' id='word_1_205' title='bbox 2790 3998 3255 4105; x_wconf 85' lang='lat' dir='ltr'>ita-grauia</span> <span class='ocrx_word' id='word_1_206' title='bbox 3298 4054 3326 4104; x_wconf 82' lang='lat'>,</span> <span class='ocrx_word' id='word_1_207' title='bbox 3394 4018 3493 4082; x_wconf 78' lang='lat' dir='ltr'>vt</span> <span class='ocrx_word' id='word_1_208' title='bbox 3538 3997 3869 4084; x_wconf 76' lang='lat' dir='ltr'>nullum</span> 
     </span>
     <span class='ocr_line' id='line_1_28' title="bbox 1279 4105 3874 4237; baseline 0.002 -28"><span class='ocrx_word' id='word_1_209' title='bbox 1279 4124 1573 4234; x_wconf 76' lang='lat' dir='ltr'>,magis</span> <span class='ocrx_word' id='word_1_210' title='bbox 1613 4125 1743 4208; x_wconf 86' lang='lat' dir='ltr'>rei</span> <span class='ocrx_word' id='word_1_211' title='bbox 1782 4125 2317 4230; x_wconf 84' lang='lat' dir='ltr'>conueniat,</span> <span class='ocrx_word' id='word_1_212' title='bbox 2393 4149 2648 4234; x_wconf 89' lang='lat' dir='ltr'>quam</span> <span class='ocrx_word' id='word_1_213' title='bbox 2696 4147 2894 4208; x_wconf 90' lang='lat' dir='ltr'>cum</span> <span class='ocrx_word' id='word_1_214' title='bbox 2958 4153 3234 4211; x_wconf 87' lang='lat' dir='ltr'>onera</span> <span class='ocrx_word' id='word_1_215' title='bbox 3288 4105 3564 4210; x_wconf 82' lang='lat' dir='ltr'>etiam</span> <span class='ocrx_word' id='word_1_216' title='bbox 3597 4148 3874 4237; x_wconf 32' lang='lat' dir='ltr'>*atque</span> 
     </span>
     <span class='ocr_line' id='line_1_29' title="bbox 1275 4252 3878 4376; baseline 0.001 -38"><span class='ocrx_word' id='word_1_217' title='bbox 1275 4252 1645 4376; x_wconf 24' lang='lat' dir='ltr'>‚vincula</span> <span class='ocrx_word' id='word_1_218' title='bbox 1684 4269 2298 4341; x_wconf 64' lang='lat' dir='ltr'>vocarentur:</span> <span class='ocrx_word' id='word_1_219' title='bbox 2391 4253 2677 4343; x_wconf 86' lang='lat' dir='ltr'>Curae</span> <span class='ocrx_word' id='word_1_220' title='bbox 2739 4276 3050 4340; x_wconf 86' lang='lat' dir='ltr'>omnes</span> <span class='ocrx_word' id='word_1_221' title='bbox 3123 4255 3517 4369; x_wconf 81' lang='lat' dir='ltr'>publicae</span> <span class='ocrx_word' id='word_1_222' title='bbox 3563 4258 3878 4340; x_wconf 82' lang='lat' dir='ltr'>ciuita-</span> 
     </span>
    </p>
   </div>
   <div class='ocr_carea' id='block_1_3' title="bbox 3617 4381 3880 4474">
    <p class='ocr_par' dir='ltr' id='par_1_3' title="bbox 3617 4381 3880 4474">
     <span class='ocr_line' id='line_1_30' title="bbox 3617 4381 3880 4474; baseline 0.004 -1"><span class='ocrx_word' id='word_1_223' title='bbox 3617 4381 3622 4386; x_wconf 73' lang='grc'><strong><em>’</em></strong></span> <span class='ocrx_word' id='word_1_224' title='bbox 3685 4409 3880 4474; x_wconf 87' lang='lat' dir='ltr'>tum</span> 
     </span>
    </p>
   </div>
   <div class='ocr_carea' id='block_1_4' title="bbox 1464 4673 3059 4766">
    <p class='ocr_par' dir='ltr' id='par_1_4' title="bbox 1464 4673 3059 4766">
     <span class='ocr_line' id='line_1_31' title="bbox 1464 4673 3059 4766; baseline 0.01 -31"><span class='ocrx_word' id='word_1_225' title='bbox 1464 4675 1586 4755; x_wconf 76' lang='lat'>(4)</span> <span class='ocrx_word' id='word_1_226' title='bbox 1631 4677 1728 4738; x_wconf 74' lang='lat' dir='ltr'>Ad</span> <span class='ocrx_word' id='word_1_227' title='bbox 1769 4673 2056 4744; x_wconf 80' lang='lat' dir='ltr'>codicem</span> <span class='ocrx_word' id='word_1_228' title='bbox 2070 4679 2657 4750; x_wconf 64' lang='lat' dir='ltr'>Theodofianum&#39;r.</span> <span class='ocrx_word' id='word_1_229' title='bbox 2683 4684 2793 4748; x_wconf 81' lang='lat' dir='ltr'>IV·</span> <span class='ocrx_word' id='word_1_230' title='bbox 2815 4701 2879 4766; x_wconf 81' lang='lat' dir='ltr'>p.</span> <span class='ocrx_word' id='word_1_231' title='bbox 2906 4684 3059 4764; x_wconf 69' lang='lat'>336·</span> 
     </span>
    </p>
   </div>
  </div>
 </body>
</html>
