4559 5919
1093 474 1106 481 ’
1257 568 1298 631 1
1328 568 1365 625 1
1386 548 1451 628 s
1763 462 2484 630 ‘msToiuAE
2564 526 3329 630 OSRHOENAE

1240 752 1681 835 cernimus
1720 806 1744 856 ,
1813 769 1902 834 et
1957 750 2316 836 alternis
2367 748 2986 859 suspicionibus
3055 763 3365 836 mutuo
3416 750 3498 835 se
3579 773 3794 837 con-

1237 880 1569 965 uellere
1608 900 2073 989 Vtramque
2112 933 2138 981 ,
2187 877 2529 963 necefl'e
2566 877 2720 983 est,
2757 898 2861 963 vt
2905 878 3014 962 ad
3047 896 3289 963 certa
3341 881 3614 988 magis
3651 907 3797 966 au-

1244 1009 1760 1097 &oritatum
1786 1006 2286 1092 testimonia
2322 1004 2957 1115 confugiamus.
3093 1007 3331 1094 Nam
3365 1007 3799 1109 Constan-

1245 1138 1472 1221 tinus
1507 1159 1692 1220 non
1731 1133 2254 1241 dissimulat,
2319 1158 2726 1224 rumores
2770 1134 2855 1219 se
2909 1132 3381 1222 hominum
3424 1137 3656 1250 sequi
3705 1154 3801 1221 et

1243 1261 1607 1371 famam,
1675 1282 1900 1375 quae
3368 1354 3373 1369 ⁴

1478 1383 1968 1479 Mobilitate
2000 1392 2230 1500 viget
2255 1397 2650 1504 viresque
2677 1393 3058 1505 acquirit
3096 1376 3343 1476 eundo
3383 1445 3412 1495 ,

1477 1515 1764 1606 Parua
1814 1532 2032 1635 metu
2047 1518 2363 1628 primo,
2418 1540 2607 1601 mox
2615 1507 2771 1631 fise
2803 1519 3109 1603 attollit
3137 1521 3220 1603 in
3247 1540 3558 1625 auras,

1481 1643 2132 1759 Ingrediturque
2146 1636 2317 1759 solo
2350 1660 2433 1731 et
2462 1661 2713 1759 caput
2742 1645 2962 1731 inter
2984 1647 3267 1760 sidera
3295 1646 3544 1732 tollit.

1241 1773 1763 1886 Imperator
1800 1792 2096 1860 autem
2182 1831 2213 1882 ‚
2279 1786 2383 1861 vt
2429 1776 2857 1886 superiori
2893 1777 3383 1862 narrationi
3415 1772 3603 1885 plus
3637 1773 3795 1858 tri·

1249 1901 1516 1989 buere
1547 1904 1898 1989 videtur
1935 1957 1961 2006 ‚
2039 1905 2388 2014 quando
2422 1901 2569 1988 illa
2602 1902 2789 1988 fere
2831 1905 3421 2013 plurimorum
3478 1904 3799 2014 opinio
3932 1936 3939 1939 ·

1252 2029 1416 2114 filit
1455 2086 1484 2136 ,
1562 2047 1890 2138 tamen,
1913 2056 2024 2115 ne
2063 2029 2421 2119 alterius
2458 2033 2910 2142 opinionis
2945 2052 3204 2143 atque
3241 2029 3522 2116 famae
3578 2029 3803 2114 diffi-

1256 2155 1752 2245 mulatione
1789 2158 2049 2245 alteri
2087 2157 2357 2246 fidem
2388 2157 2879 2271 quaefiuiffe
2915 2160 3405 2262 videretur,
3460 2177 3802 2243 vtram·

1141 2374 1148 2383 ,
1256 2310 1424 2396 que
1462 2287 1546 2371 se
1582 2286 1992 2372 subiicere
2023 2284 2342 2372 scribit.
2416 2288 2535 2374 Et
2566 2288 2917 2397 vtrique
2950 2311 3175 2375 vero
3203 2284 3636 2388 diffidenS,
3679 2284 3804 2370 sa·

1257 2416 1617 2526 pienter
1693 2414 1978 2501 dixit:
2054 2419 2111 2529 g
2183 2406 2516 2514 πάντως
2581 2404 2779 2500 εἶδέν
2843 2405 3347 2528 Satanas-dv,
3389 2413 3472 2501 ἐν
3541 2405 3812 2498 τοο-ε’·-

1252 2569 1380 2651 τῳ
1459 2539 1738 2659 χρόνῳ
1834 2537 2300 2659 πλανᾶοθοᾳ
2406 2540 2796 2643 ’πολλάκις
2866 2532 3025 2643 τὴν
3097 2537 3405 2655 ἶςορῖαν
3459 2597 3485 2646 ,
3560 2564 3811 2652 neque

1243 2669 1488 2784 plane
1527 2670 1835 2754 mirari
1861 2692 2000 2755 nos
2034 2683 2359 2782 oportet
2397 2723 2426 2773 ‚
2462 2656 2475 2665 ’
2508 2682 2735 2754 tanto
2766 2669 3153 2782 temporis
3186 2660 3517 2781 decursu
3565 2666 3805 2781 histo-

1259 2803 1481 2883 riam
1493 2788 2064 2907 saepenumero
2095 2822 2152 2882 a
2213 2797 2595 2881 veritate
2650 2795 3088 2882 aberrare.
3227 2800 3353 2884 At
3404 2797 3810 2882 Eusebius

1262 2924 1880 3027 Caesariensis,
1954 2926 2099 3037 qui
2169 2926 2390 3012 Aeta
2459 2924 2882 3014 Edefl'ena
2955 2950 3072 3010 ex
3144 2921 3514 3033 Syriacis
3603 2923 3812 3010 fecit

1257 3052 1645 3156 Graeca,
1723 3050 1941 3137 nihil
1976 3053 2084 3137 de
2118 3054 2533 3161 imagine.
2663 3054 3337 3138 Tantummodo
3413 3055 3557 3164 qui
3590 3052 3807 3138 alte-

1256 3209 1453 3268 ram
1502 3181 2113 3266 narrationem
2167 3180 2736 3268 Constantini
2791 3181 3301 3284 ediderunt‚
3385 3181 3473 3263 in
3515 3181 3814 3290 quibus

1258 3310 1453 3396 sunt
1535 3311 1931 3395 auctores
2000 3307 2421 3418 epistolae
2500 3308 2997 3417 Synodicae
3047 3307 3155 3391 ad
3204 3307 3814 3418 Theophilum

1197 3472 1210 3478 ·
1261 3438 1497 3547 Imp.
1537 3438 1811 3521 multa
1830 3435 2183 3521 admista
2204 3431 2532 3520 habent
2572 3460 2687 3520 ex
2712 3434 3112 3523 Eusebi0.
3268 3435 3558 3551 Quare
3592 3460 3809 3548 quae

1262 3566 1407 3650 hic
1441 3567 1531 3648 in
1567 3563 1996 3650 tabulario
2031 3561 2467 3652 Edeffeno
2507 3562 2831 3673 legerit
2869 3618 2894 3669 ,
2975 3564 3512 3673 cognoscere
3547 3566 3815 3648 iuuat.

1262 3697 1401 3800 (7)
1434 3692 1888 3804 Postquam
1932 3692 2330 3776 dominus
2363 3693 2735 3802 deusque
2771 3691 3071 3776 noster
3101 3690 3208 3772 ad
3243 3692 3587 3776 Patrem
3626 3689 3810 3773 sub·

1264 3818 1487 3903 latus
1538 3819 1658 3904 est
1712 3872 1736 3922 ‚
1815 3817 2068 3904 Iudas
2136 3817 2617 3927 Apostolus
2668 3873 2709 3924 ,
2777 3821 2920 3930 qui
2973 3818 3240 3900 etiam
3323 3814 3718 3902 Thomas
3787 3871 3816 3923 ‚

1264 3945 1840 4040 Thaddaeum
1864 3943 2087 4028 misit
2111 3945 2215 4027 ad
2235 3944 2801 4054 Abgarusz
2823 3944 3181 4032 diuertit
3204 3942 3509 4053 apudT
3517 3941 3815 4029 obiam

1264 4074 1605 4159 Tobiae
1639 4071 2868 4181 filium(1udaeumopinor‚vt
2897 4070 3152 4155 multi
3173 4090 3422 4157 erant
3454 4071 3815 4159 Edessae

1263 4202 1601 4313 Iudaei)
1670 4199 2134 4315 multisque
2198 4201 2636 4287 miraculis
2673 4198 3018 4317 populo
3060 4219 3297 4312 ante,
3328 4226 3586 4316 quam
3620 4199 3819 4307 regi

1987 4365 1998 4370 ,
3653 4351 3815 4413 co-

1298 4565 3801 4612 ——--———-—————-.--—--·—---

1427 4671 1438 4680 „
1547 4621 1654 4706 (7)
1717 4627 1865 4695 nist.
1895 4625 2140 4700 aceles.
2184 4627 2261 4694 L.
2304 4629 2353 4693 1.
2393 4642 2451 4694 c.
2493 4645 2594 4711 η.
2970 4625 3231 4693 Χ
