4559 5919
1003 574 1091 678 Ε
1159 569 1607 682 NVMIS
1676 558 2493 678 ILLVSTRATA
2564 568 2792 681 Lm.
2871 572 2953 677 t.
3172 615 3291 698 ¹9

742 818 1037 889 metes
1086 800 1199 885 V.
1232 799 1642 891 Ostobris
1679 801 1795 885 est
1834 800 2054 887 visus
2145 855 2171 908 ‚
2253 797 2623 887 deflerat
2665 820 2953 887 autern
3008 805 3121 889 A.
3182 801 3289 891 C.

756 958 981 1039 540·
1040 954 1276 1015 anno
1328 930 1767 1017 Edeffeno
1815 938 1992 1037 851
2046 932 2340 1016 mense
2374 929 2622 1017 Maio
2649 986 2677 1036 ,
2757 957 2953 1017 curn
2994 932 3294 1018 Persae

746 1060 1199 1149 Romanas
1297 1062 1801 1166 prouincias
1875 1060 2174 1142 adorti
2256 1058 2475 1143 sunt.
2613 1060 2979 1148 Credidi
3027 1059 3295 1144 initio
3428 1144 3440 1153 ,

746 1187 980 1273 hunc
1008 1185 1501 1296 scrupulum
1534 1189 1658 1274 ita
1698 1185 1942 1297 poss‘e
1982 1187 2287 1272 eximi.
2418 1185 2926 1271 Iustinianus
2961 1187 3296 1274 Kal.A-·

749 1316 1111 1427 prilibus
1152 1338 1198 1397 a
1228 1313 1560 1429 Iustino
1594 1312 1828 1426 Imp.
1868 1313 2217 1423 collega
2256 1312 2620 1397 adscitus
2658 1316 2774 1403 est
2820 1371 2845 1420 ,
2925 1336 3302 1426 quatuor

748 1444 949 1557 post
986 1441 1323 1535 menses
1358 1444 1494 1528 seu
1535 1441 1717 1529 Kal.
1789 1443 2151 1549 Augusti
2223 1440 2665 1526 defilncstus
2721 1446 2837 1529 est
2904 1444 3295 1529 Iustinus,

747 1575 963 1661 Non
1082 1570 1259 1655 hoc
1366 1572 1814 1680 ignorauit
1894 1571 2204 1655 austor
2305 1568 2745 1657 Chronici
2830 1627 2854 1677 ‚
2968 1575 3113 1681 qui
3184 1568 3302 1658 fic

748 1699 1124 1809 scripfit:
1196 1697 1307 1786 A.
1366 1707 1410 1782 8
1433 1726 1480 1806 3
1507 1708 1585 1781 8.
1617 1704 1892 1809 primo
1924 1689 2189 1807 Nzsan
2222 1694 2715 1809 lastinianus
2746 1692 3302 1810 Caesarcrea-

748 1824 1078 1942 tussuit
1106 1843 1189 1912 et
1227 1827 1524 1912 decimo
1556 1827 1835 1942 mensts
1871 1822 2005 1915 Ab
2039 1824 2388 1909 eiusdem
2456 1828 2645 1911 anni
2675 1825 2876 1912 obiit
2907 1827 3298 1942 Iustinus,

750 1955 1352 2070 imperauitque
1385 1948 1605 2070 solus
1652 1953 2175 2069 Iustinianus.
2314 1952 2539 2058 Iam,
2588 1956 2970 2069 inquam,
3015 1957 3310 2043 mense-

760 2085 1011 2174 Maio
1045 2090 1284 2175 reste
1324 2087 1810 2195 Procopius
1848 2108 2170 2167 annum
2210 2082 2463 2169 XIV.
2502 2082 2946 2171 Iustiniani
2995 2087 3310 2194 prodi·
3414 2094 3422 2109 '

762 2216 928 2320 dit,
959 2217 1158 2300 inde
1207 2240 1475 2326 vsque
1529 2241 1577 2300 a
1626 2213 1813 2300 Kal.
1856 2210 2306 2322 Aprilibus
2344 2212 2455 2296 A.
2498 2212 2602 2299 C.
2651 2237 2874 2322 540.
2915 2239 3113 2298 cum
3155 2240 3324 2302 an-·

762 2369 927 2430 nos
957 2340 1546 2453 Imperatoris
1581 2356 2095 2427 numeraret
2136 2338 2235 2421 ab
2269 2340 2380 2423 A.
2422 2339 2528 2424 C.
2575 2363 2793 2446 527.
2838 2367 3010 2454 quo
3061 2342 3309 2429 Iusti·

762 2475 1065 2558 nianus
1101 2472 1445 2585 collega
1481 2471 1776 2558 Iustini
1818 2467 2375 2552 renunciatus
2412 2466 2528 2549 est
2563 2468 2753 2553 Kal.
2806 2468 3254 2577 Aprilibus
3296 2502 3318 2556 ι

766 2619 909 2704 at,
987 2597 1047 2684 fi
1079 2602 1383 2684 auctor
1423 2596 1826 2682 chronici
1862 2595 1963 2677 ab
1997 2597 2110 2680 A.
2148 2595 2252 2682 C.
2303 2614 2525 2698 527.
2564 2596 2712 2680 suo
2759 2606 2977 2704 838.
3021 2619 3109 2681 et
3130 2599 3322 2709 qui-

767 2730 971 2814 dem
1012 2751 1062 2810 a
1136 2726 1490 2811 decimo
1532 2723 1844 2810 mensts
1877 2718 2015 2809 Ab
2049 2721 2190 2805 seu
2222 2720 2636 2829 Augusti,
2684 2750 2861 2834 quo
2906 2723 3318 2811 solusim·

767 2882 1086 2971 perare
1128 2857 1583 2969 coeperit,
1663 2876 1941 2937 annos
1978 2851 2549 2959 imperatoris
2589 2855 3322 2958 numerauit‚tum

746 3012 992 3073 -vero
1029 2988 1225 3071 sane
1334 2987 1576 3074 A.C.
1623 3008 1843 3092 540·
1932 2979 2369 3067 Edeffeno
2452 2988 2499 3062 8
2519 3008 2672 3093 51.
2730 2986 3032 3068 mense
3068 2983 3319 3070 Maio

769 3117 1025 3205 XIII.
1069 3141 1337 3200 annus
1372 3114 1818 3202 Iustiniani
1860 3108 2134 3193 adhuc
2171 3108 2611 3218 agebatur.
2796 3110 2934 3197 Sic
2971 3114 3325 3222 inquam

770 3245 1036 3344 initio
1079 3243 1416 3329 credidi
1471 3275 1490 3331 ε
1566 3241 1761 3354 post
1799 3237 1945 3323 vbi
1998 3262 2406 3324 errorem
2444 3238 2534 3319 in
2587 3262 2823 3324 anno
2877 3240 3320 3327 Edess‘eno

781 3383 1004 3481 850.
1046 3370 1639 3485 deprehendi,
1720 3369 1986 3478 coepi
2029 3384 2389 3475 argutae
2435 3363 2629 3452 huic
2666 3368 3319 3473 conciliationi,

772 3523 877 3588 vt
913 3500 1136 3585 mihi
1182 3502 1361 3587 visa
1423 3501 1543 3586 est
1634 3557 1661 3606 ,
1743 3495 2144 3581 diffidere
2237 3549 2264 3598 ‚
2370 3514 2678 3590 metuo
2719 3499 2961 3582 enim
3032 3524 3141 3584 ne
3184 3496 3332 3580 hic

774 3653 1122 3745 quoque
1158 3652 1413 3711 error
1451 3627 1584 3710 fit.
1712 3627 2183 3709 Praeterea
2222 3620 2497 3704 nostri
2549 3623 2736 3708 Kal.
2772 3624 3131 3731 Augusti
3173 3624 3326 3709 de-

774 3756 1094 3845 ceffiss‘e
1141 3755 1561 3845 Iustinum
1612 3750 2009 3840 referunt
2094 3803 2123 3855 ‚
2202 3749 2506 3833 audior
2553 3749 2954 3838 chronici
3007 3749 3116 3842 V.
3160 3747 3324 3870 Ab.

775 3890 941 3976 Hic
973 3910 1203 3971 vero
1243 3881 1529 3970 nolim
1565 3880 2059 3991 scrupulum
2097 3876 2610 3965 tibiiniicias
2632 3934 2660 3988 ‚
2740 3903 3186 3992 tamquam
3216 3877 3328 3971 V.

780 4013 919 4107 Ab
949 4039 1145 4101 cum
1181 4014 1367 4100 Kal.
1405 4009 1762 4120 Augusti
1805 4004 2386 4093 conferendus
2425 4001 2555 4092 s1t.
2662 4009 2966 4096 Immo
3008 4013 3337 4098 iterum

781 4140 1272 4232 manifestus
1314 4166 1595 4225 error.
1725 4137 2139 4247 Denique
2177 4134 2611 4221 obseruari
2645 4137 2970 4244 velim,
3047 4141 3158 4223 fic
3180 4168 3332 4224 an*

789 4299 952 4357 nos
990 4272 1181 4355 suos
1234 4268 1494 4378 egisse
1528 4265 2004 4357 Edeffenos
2027 4319 2055 4372 ,
2134 4263 2587 4374 aliquanto
2627 4286 3051 4378 tempore
3088 4268 3331 4378 post-

787 4426 1046 4511 quam
1112 4398 1493 4487 Iulianus
1544 4420 1815 4481 annus
1866 4392 2389 4479 constitutus
2441 4387 2613 4477 est:
2812 4393 2994 4483 fine
3032 4398 3331 4504 dubie,
3422 4376 3443 4398 ⁹

787 4527 1243 4650 postquam
1278 4523 1635 4614 colonia
1671 4527 2082 4614 Romana
2123 4518 2239 4603 est
2275 4517 2490 4608 facta
2546 4519 2878 4613 Edeffa.
3032 4527 3159 4617 At
3204 4527 3332 4612 su·

978 4661 1001 4680 ²
1770 4685 1795 4736 ι
2011 4647 2085 4742 C
2169 4676 2224 4736 2
3172 4689 3335 4777 pe·
