4559 5919
1350 552 1405 639 2
1424 548 1470 636 ς
1493 553 1547 613 2
1676 597 1687 609 .
1910 515 2617 621 fflsmmffl
2686 513 3461 626 osRHOENAE

1336 737 1721 827 aduenit.
1763 738 2091 849 Nocte,
2110 739 2515 853 vigilibus
2553 739 3238 849 dormientibus,
3281 741 3384 828 in‘
3415 737 3777 842 moenia
3809 731 3944 830 fu·⁸

1348 869 1597 956 nibus
1651 890 1741 955 et
1792 870 2032 958 scalis
2083 874 2526 959 adscendit
2565 927 2640 977 ‚-
2689 888 3006 985 portas
3053 874 3344 983 aperit
3382 925 3416 977 7
3528 872 3840 958 obuios
3891 896 3948 957 e

1350 998 1793 1109 praefidio
1828 1001 2161 1090 caedit,
2278 1005 2409 1089 At
2453 1026 2614 1087 arx
2645 1003 2826 1114 ipsa
2865 1004 3212 1089 munita
3262 1000 3595 1110 magis,
3683 1023 3948 1113 quam

1347 1145 1450 1211 vt
1522 1125 1693 1215 fine
1750 1131 2255 1216 tormentis·
2285 1133 2484 1241 capi
2538 1131 2861 1242 poss‘et.
3042 1131 3336 1220 Paucis
3397 1130 3697 1216 diebus
3745 1125 3950 1241 post

1351 1257 1905 1344 Nuraddinus
1942 1260 2173 1346 adest
2218 1314 2244 1363 ,
2324 1260 2638 1345 vrbem
2682 1256 3051 1350 obfidet.
3188 1259 3500 1349 Nostri
3529 1277 3621 1343 et
3660 1257 3762 1344 ab
3802 1282 3950 1345 at-’

1350 1408 1455 1468 ce
1513 1405 1603 1469 et
1660 1388 1762 1470 ab
1815 1385 2063 1474 hoste
2115 1410 2501 1473 externo
2553 1387 2898 1492 inclusi,
2961 1390 3540 1499 eruptionem
3596 1404 3945 1498 parant.

1353 1513 1619 1601 Ciues
1673 1520 1906 1626 sequi
1979 1516 2517 1601 constituunt
2555 1573 2581 1621 ‚
2636 1541 2838 1606 cum
2893 1517 3407 1626 coniugibus
3449 1514 3992 1628 liberisque.'

1349 1647 1479 1728 Ar
1538 1644 2304 1752 praefidiariorum
2340 1647 2429 1729 in
2479 1652 2676 1754 arce
2718 1641 3051 1731 auxilio
3107 1645 3398 1730 hostes
3440 1643 3750 1731 vrbem
3807 1646 3950 1729 in*

1351 1785 1854 1876 t-tauerant‚
1933 1776 2080 1886 qui
2114 1775 2218 1858 ad
2259 1794 2622 1883 portam
2684 1801 2730 1858 a
2784 1775 3140 1862 Francis
3193 1774 3634 1883 erupturis
3685 1796 3944 1883 aper·

1351 1916 1539 1983 tam
1646 1904 2015 2007 gradum
2140 1901 2660 1988 accelerant.
2847 1900 3091 1987 Dum
3204 1903 3513 1989 Franci
3618 1901 3950 1988 ciuibus

1352 2028 1747 2137 permisti
1859 2050 1949 2113 et
2039 2028 2375 2114 imbelli
2481 2031 2790 2117 turbae
2865 2084 2891 2133 ,
2972 2048 3454 2142 erumpunt
3532 2084 3558 2133 ‚
3637 2028 3944 2138 hostes·

1355 2175 1614 2241 extra
1662 2155 1969 2242 vrbem
2030 2182 2189 2244 eos
2244 2158 2707 2245 inuadunt:
2798 2157 3063 2246 foeda
3112 2158 3373 2246 facies
3423 2178 3570 2244 tot
3625 2160 3950 2243 mortis

1347 2307 1784 2395 generum
1820 2284 2016 2369 fuit.
2149 2286 2526 2372 Euasere
2583 2306 2891 2370 tamen
2930 2288 3269 2374 Franci.
3407 2288 3535 2373 At
3582 2285 3948 2373 Nurod·

1351 2414 1596 2495 dinus
1618 2436 1775 2498 eos
1792 2414 2123 2498 secutus
2146 2471 2170 2519 ‚
2213 2415 2535 2524 pedem
2563 2405 2752 2497 sme'
2764 2438 3052 2529 pugna
3074 2412 3480 2526 proferre
3506 2437 3691 2498 non
3715 2413 3937 2500 fiuit.

1356 2540 1710 2628 Cecidit
1749 2542 2224 2630 Balduinus
2263 2564 2355 2628 et
2394 2544 2637 2627 iuxta
2677 2566 2883 2627 eum
2947 2544 3094 2627 alii
3150 2545 3434 2627 multi.
3579 2541 3945 2628 losceli-

1354 2693 1511 2755 nus
1572 2671 1943 2754 inermis
2000 2673 2119 2755 'ad
2167 2671 2722 2782 Euphratem
2780 2670 3119 2777 euasit,
3221 2673 3569 2783 quidam
3624 2670 3954 2759 relictis

1351 2797 2025 2907 impedimentis
2069 2802 2399 2885 diuersa
2441 2797 2638 2909 fuga
2682 2796 3048 2885 salutern
3107 2798 3766 2914 quaefiuerunt.·
3870 2799 3960 2887 E

1355 2927 1682 3011 ciuibus
1729 2926 2212 3016 admodum
2254 2929 2510 3039 pauci
2551 2924 3055 3037 effugerunt
3097 2963 3116 3018 ι
3203 2931 3297 3012 in
3351 2947 3707 3015 ceteros
3757 2929 3954 3012 ani-

1352 3054 1902 3138 madueisum
1941 3057 2083 3141 est.
2224 3059 2349 3142 Vt
2379 3057 2700 3164 Tyrius
2733 3055 2948 3140 haec
2987 3056 3094 3138 ad
3139 3060 3251 3144 A.
3311 3055 3417 3144 C.
3486 3084 3526 3140 1
3555 3074 3736 3163 145
3804 3081 3946 3161 re-

1356 3179 1530 3268 fert
1568 3237 1594 3286 ,
1671 3184 1798 3267 ita
1832 3181 2289 3270 Albericus
2327 3187 2432 3268 ad
2467 3184 2552 3270 A
2643 3182 2750 3270 C.
2819 3211 2857 3266 1
2889 3206 3112 3290 147.
3168 3178 3674 3269 Nolandinus
3728 3177 3944 3268 San-

1339 3309 1573 3421 guini
1597 3308 1842 3414 filius
1875 3309 2229 3424 Alapiae
2260 3307 2649 3422 Princeps
2687 3309 2981 3424 obfidet
3011 3325 3094 3395 et
3127 3301 3680 3424 miserabiliter
3710 3324 3945 3397 trun·

1352 3451 1489 3522 cat
1517 3434 1828 3523 eiectos.
1961 3444 2086 3527 At
2126 3438 2565 3528 Oliuerius
2602 3436 3184 3527 scholasticus
3219 3442 3459 3527 recte
3501 3443 3611 3527 ad
3663 3443 3775 3526 A.
3813 3441 3943 3529 C.

1367 3575 1662 3675 1146.
1721 3591 1979 3677 quem
2033 3568 2296 3654 initus
2351 3594 2400 3654 a
2444 3567 2991 3658 Nuroddino
3046 3570 3588 3681 principatus
3644 3568 3944 3679 postu·-

1355 3691 1507 3783 lat.
1649 3696 1976 3783 Narrat
2012 3698 2393 3805 deinde,
2480 3696 3050 3785 Nurodinum
3109 3697 3739 3784 Antiochenos
3797 3721 3944 3808 ag-

1352 3823 1761 3933 greffum.
1852 3826 2264 3912 Occurrit
2305 3830 2386 3912 ei
2418 3824 2991 3935 Raymundus
3023 3827 3436 3936 Princeps
3472 3852 3668 3911 cum
3706 3827 3944 3932 Ray·

1357 3951 1627 4036 naldo
1673 3954 2049 4042 Comite
2087 3958 2196 4041 de
2231 3956 2597 4058 Mares,
2676 3953 3061 4040 Iozelini
3096 3980 3472 4066 genero·
3640 3953 3943 4040 Ambo

1361 4078 1456 4166 in
1494 4084 1678 4168 acie
1712 4083 2282 4173 ceciderunt.-
2380 4084 2500 4171 Et
2535 4081 2985 4170 Iozelinus
3024 4086 3363 4177 Comes
3397 4087 3571 4169 iter
3590 4083 3948 4168 noctur·

3734 4233 3944 4294 num

1519 4626 1652 4712 (7)
1682 4649 1745 4713 1>-
1794 4637 1941 4713 298·
