4559 5919
775 582 860 677 Ε
938 575 1386 735 NVMrs
1465 548 2377 675 ILLVSTRATAE
2447 558 2681 672 1:13¹.
2759 578 2938 672 JV.
3039 574 3238 697 ως

647 810 843 886 fum
890 801 1277 887 nimbum
1319 797 1715 911 perferre
1764 796 2131 907 amplius
2181 820 2366 881 non
2418 794 2801 905 poffent.
2934 796 3242 885 Disce-

649 933 963 1016 dentes
1037 931 1450 1015 conuitio
1519 929 1748 1041 sequi
1807 926 2214 1013 Edefl‘eni
2286 945 2374 1010 et
2417 925 2666 1011 vltro
2703 946 3238 1036 prouocare.

643 1061 890 1143 Vnus
931 1060 1036 1143 ad
1066 1077 1376 1170 portas
1450 1048 1602 1159 τοὶς
1630 1049 1945 1161 Σσίνας
1982 1074 2072 1141 et
2108 1055 2675 1165 Tripyrgiam
2719 1045 2814 1158 (ἔ
2851 1048 2966 1159 δὴ
3012 1112 3037 1160 ,
3099 1059 3236 1140 in-

642 1191 830 1301 quit
872 1244 897 1292 ‚
953 1190 1545 1303 Τειπυργῐαν
1597 1189 1656 1270 i.
1713 1211 1786 1271 e.
1847 1199 2027 1271 tres
2067 1194 2361 1269 turres
2399 1180 2707 1270 καλὲσι
2746 1171 2897 1269 τόν
2932 1184 3256 1302 χῶρον)

655 1316 932 1404 adhuc
1000 1318 1441 1426 pugnabat
1511 1313 1997 1405 Azarethes
2048 1337 2068 1390 t
2144 1333 2507 1426 ceperat
2555 1316 2794 1400 enim
2833 1317 3240 1398 exterio-

550 1469 558 1476 ·
648 1469 843 1531 rem
888 1469 1241 1529 murum*
1278 1447 1367 1530 in
1423 1446 1693 1529 ruinis
1728 1443 2304 1529 subsidentem
2351 1463 2440 1527 et
2482 1444 3241 1529 exinteriorimu-

646 1599 758 1660 ro
803 1628 829 1679 ‚
905 1574 1054 1684 qui
1090 1592 1280 1658 erat
1316 1573 1718 1685 superior
1775 1627 1800 1675 ‚
1882 1591 2375 1684 pugnantes
2426 1567 2944 1656 validissime
2977 1594 3245 1679 vrge-

652 1702 833 1787 bat.
1045 1703 1121 1790 C
1136 1722 1398 1786 o'ntra
1443 1725 1639 1786 eum
1673 1692 2081 1787 Peranius
2122 1722 2320 1784 cum
2361 1703 2644 1808 copiis
2680 1701 3110 1788 Romanis
3151 1716 3242 1783 et

642 1829 1090 1919 Edess‘enis
1123 1833 1440 1942 erupit.
1592 1814 1938 1916 Praelio
1996 1830 2170 1911 acri
2218 1829 2670 1938 superatus
2711 1822 3232 1932 Amr-ethes»,

649 1984 849 2044 cum
888 1959 1245 2044 subfidia
1286 1956 1514 2044 nulla
1553 1984 1599 2043 e
1637 1958 1923 2047 castris
1962 1958 2585 2064 mitterentur,
2629 1957 2922 2067 fugam
2967 1958 3245 2066 cepit.

644 2088 787 2177 Eo
864 2089 1200 2196 opinor
1257 2106 1679 2198 tempore
1761 2084 2078 2171 accidit
2138 2140 2164 2189 7
2245 2087 2485 2195 quod
2533 2087 3019 2194 Procopius
3056 2082 3244 2169 alio

649 2213 864 2317 loco
918 2216 1682 2302 commemorauit
1740 2269 1769 2320 ‚
1840 2217 1984 2319 (8)
2028 2230 2126 2299 vt
2166 2210 2521 2323 elephas
2568 2200 2859 2298 Persas
2895 2237 3241 2324 propu-

505 2382 515 2387 ·
649 2364 1076 2456 gnatores
1144 2344 1655 2429 admouerit
1729 2397 1758 2448 ‚
1836 2343 1984 2455 qui
2058 2338 2462 2452 helepoli
2533 2395 2564 2445 ‚
2637 2342 2725 2425 id
2778 2340 3242 2427 machinae

656 2484 930 2585 genus¹
962 2473 1149 2581 estr
1190 2494 1544 2585 partem
1580 2474 2158 2558 moeniorum
2200 2469 2824 2573 disturbarent,
2881 2471 3241 2558 Edess'e-

646 2605 738 2689 ni
786 2612 1082 2688 autem
1154 2627 1450 2713 porco
1509 2629 1557 2687 e
1609 2604 1833 2685 turri
1888 2598 2297 2709 suspenso
2352 2596 2730 2684 belluam
2773 2603 3240 2721 grunnitus

647 2731 1282 2843 impatientem
1330 2733 1421 2815 in
1458 2727 1748 2840 fingam
1786 2728 2374 2813 coniecerim.
2569 2727 2792 2814 Nox
2827 2726 3242 2839 sequeba-

650 2880 792 2944 tur
834 2859 1253 2968 ambiguo
1294 2879 1536 2943 metu
1610 2912 1636 2962 ‚
1710 2857 1982 2943 Perfis
2030 2855 2608 2967 eruptionem
2649 2843 3235 2966 exspestanti-

646 2989 794 3074 bus
854 3044 882 3093 ,
960 2990 1391 3078 Romanis
1424 2983 1791 3099 postero
1829 2988 1969 3071 die
2010 2988 2825 3098 oppugnationem.
2893 2984 3244 3072 Tamen*

651 3137 739 3203 et
780 3142 968 3202 nox
1006 3136 1098 3201 et
1137 3120 1322 3202 dies
1359 3118 1557 3202 otio
1594 3119 2050 3202 transasta.
2179 3115 2499 3198 Tertio
2540 3113 2681 3198 die
2739 3138 2939 3222 pars
2973 3139 3234 3199 exer·-
3329 3177 3344 3186 „

574 3253 601 3274 ‘
651 3251 864 3332 citus
897 3243 1211 3333 Perfici
1249 3245 1356 3331 ad
1390 3242 1682 3332 Bar-lai
1725 3262 2089 3354 portam
2159 3240 2540 3326 successit
2605 3295 2633 3344 ,
2710 3263 2872 3352 qua
2909 3243 3256 3351 profli-'

649 3385 895 3484 gata,
975 3372 1273 3458 Paulus
1322 3376 1767 3483 interpres
1802 3371 2292 3458 Martinum
2332 3371 2437 3455 ad
2474 3369 3082 3480 paciscendum
3142 3375 3235 3457 in

652 3505 917 3588 castra
952 3503 1384 3584 inuitauit.
1428 3601 1439 3606 μ
1519 3504 1696 3588 Pax
1740 3498 2252 3612 aequiffimis
2289 3500 2952 3586 conditionibus
2973 3500 3229 3606 faeta,

562 3731 573 3738 q
650 3650 746 3716 vt
786 3629 1194 3720 Edeffeni
1232 3629 1931 3741 quingintasauri
1966 3625 2229 3713 libras
2287 3629 2842 3739 penderent,
2928 3628 3217 3718 Chosa-

580 3745 595 3760 ⁸
654 3757 914 3846 thoes
938 3761 1283 3845 litteras
1308 3758 2130 3869 traderet‚quibusse
2153 3757 2241 3839 in
2286 3757 2732 3867 posterum
2776 3756 3019 3841 nullo
3079 3759 3256 3842 da-‘

662 3916 881 3976 mno
959 3891 1411 3981 Romanas
1518 3888 2018 3999 prouincias
2112 3883 2645 3974 adfee'turum
2714 3888 3235 3997 recipiebat.

649 4017 956 4129 Itaque
993 4019 1289 4104 Persae
1324 4017 1574 4105 vallis
1633 4035 1727 4102 et
1776 4017 2348 4102 munimentis
2397 4017 2878 4102 castrorum
2920 4018 3224 4101 incen-

652 4144 803 4252 fis,
878 4145 1385 4232 Osrhoenes
1414 4147 1727 4234 finibus
1766 4143 2350 4234 excesserunt.
2547 4145 3232 4259 Ita-Procopius,

2989 4351 2998 4360 .
3087 4276 3234 4362 At

926 4657 1045 4742 (8)
1125 4662 1202 4725 de
1226 4660 1297 4727 B.
1332 4660 1407 4727 G.
1431 4679 1499 4744 p·
1539 4658 1697 4740 605.
